3042 4909
326 334 405 387 roo
658 328 796 394 λΝΝλΕ
825 326 1046 393 ῦΟΜΝΕΝλΕ

317 482 355 547 τά
385 482 421 546 ἔν
440 482 639 575 Βλαχξρνοις
663 481 812 562 βασιλεια
842 476 930 561 μάλα
960 475 1055 555 ἀξίως
1073 478 1261 562 ἐξέδραμον·
1303 472 1404 548 αὗται

318 584 354 647 δὲ
373 578 453 665 πρὸς
472 578 526 645 τὸν
546 583 603 663 τῆς
622 575 761 663 μεγάλης
779 582 903 664 Σοφίας
923 578 1003 643 νεάν
1023 574 1083 643 σάν
1103 580 1224 665 σπουδῇ
1242 576 1345 647 ἔθεον.
1384 581 1403 647 ὅ

286 684 353 746 bii
374 684 433 744 τοῦ
460 675 668 745 Βοτανειάτου
703 674 908 760 παιδαγωγὸς
937 674 1137 752 διυπνισθείς
1164 679 1219 742 καί
1245 678 1337 762 γνούς
1363 681 1401 747 τά

315 776 501 865 γενόμενον,
521 774 606 864 ἐξῄει
623 774 703 860 πρὸς
721 773 857 857 αάτοάς,
882 776 964 865 δᾷδα
983 784 1058 839 ταῖν
1072 784 1182 859 χεροῖν
1199 774 1291 860 ἔχων,
1313 779 1405 867 puot-

315 902 364 945 νει
382 902 417 943 τε
437 875 516 942 κατά
537 873 635 959 τάχος
654 875 794 955 αάτοάς,
825 878 882 938 τοῦ
902 876 966 939 τάν
986 869 1083 957 άγίων
1100 876 1333 961 τεσσαράκοντα
1351 888 1440 951 τε-5

313 984 428 1061 μένους
446 974 644 1061 ἐγγάςμήπω
666 969 903 1059 κατειληφότας.
922 975 1105 1057 θεασαμένη
1126 975 1162 1039 tt
1180 979 1291 1042 τοῦτον
1302 981 1407 1058 εάθιλς

314 1079 336 1162 ἦ
357 1075 546 1161 Δαλασσηνὴ
573 1077 629 1142 καί
645 1070 747 1159 μήτηρ
775 1076 840 1137 τοῖν
861 1072 1014 1156 ἀριστέων
1034 1073 1159 1138 ἐκείνων
1178 1077 1412 1165 παίδωνφησί

315 1184 337 1217 “
345 1184 492 1242 κατεῖπον
517 1174 609 1257 ἡμῶν
628 1178 731 1254 τινὲς,
763 1170 808 1246 οἷς
835 1170 1022 1254 ἐπυθόμην,
1048 1176 1094 1259 τῷ
1111 1176 1247 1254 βασιλεῖ’.
1290 1168 1406 1261 άπειμι

314 1280 391 1359 γοῦν
411 1278 456 1350 εἰς
477 1271 533 1350 τάς
553 1268 653 1356 άγίας,
665 1273 849 1355 ἐκκλησίας,
870 1272 911 1357 τῇ
929 1270 1032 1335 aizoo
1049 1275 1208 1357 χρωμένη,
1233 1275 1342 1351 καθάς
1364 1272 1407 1341 ἀν

314 1372 490 1457 δυναίμην,
511 1374 684 1458 ἐπαρωγῇ·
728 1368 874 1435 κάκεῖθεν
902 1366 1100 1454 ου’γαζοάσης
1126 1366 1247 1457 ἡμέρας
1270 1374 1465 1448 (insisti-10

313 1496 413 1555 σομαι
435 1469 516 1555 πρὸς
536 1468 578 1533 τά
599 1467 760 1553 βασιλελα.
784 1462 879 1533 άπιθι
902 1473 1009 1533 τοίνυν
1031 1468 1137 1549 ου’τός,
1160 1472 1200 1535 ἵν’
1222 1470 1353 1556 ὁπηνίκα
1374 1474 1408 1541 οἱ

313 1575 457 1655 πυλωροὶ
470 1572 627 1649 ἀνοίξασι,
640 1571 713 1653 περὶ
726 1570 783 1650 τῆς
796 1568 885 1651 ἡμῶν
900 1570 1008 1643 αὐτοῖς
1022 1570 1211 1659 ἀπαγγειλης
1227 1571 1409 1650 ἐλεάσεως.”

317 1670 336 1735 ὅ
358 1673 387 1734 ἀ
409 1666 509 1745 εάθύς
527 1666 608 1752 πρὸς
621 1666 659 1731 τὸ
674 1670 844 1733 κελευσθὲν
864 1660 1019 1751 ἦπείγετο.
1042 1664 1077 1731 αἱ
1094 1670 1129 1748 δὲ
1150 1666 1309 1755 φθάνουσι
1326 1671 1409 1757 πρὸς

259 1760 264 1770 ’
290 1766 355 1834 cosi
376 1769 433 1833 rosi
453 1761 607 1849 λεράρχου
630 1763 789 1831 Νικολάου
809 1764 945 1847 τέμενος,
968 1761 987 1827 ii
999 1768 1211 1851 Προοφάγιον
1228 1772 1325 1854 μέχρι
1349 1774 1410 1855 τῆς

318 1868 415 1948 δεῦρο
433 1862 586 1930 είάθασιν
607 1862 782 1945 ὀνομάζειν,
807 1866 909 1948 ἀγχοῦ
926 1868 980 1946 τῆς
1001 1865 1140 1949 μεγάλης
1162 1868 1328 1954 ἐκκλησίας
1352 1872 1410 1936 καὶ
1423 1882 1462 1946 15

317 1962 427 2050 πράην
441 1964 645 2049 ἐνιδρυμένον
659 1962 759 2027 πάλαι
772 1964 826 2027 ε’πί
837 1966 974 2049 σωτηρίρ
988 1966 1051 2028 τῶν
1066 1965 1113 2028 ἐπ’
1133 1967 1322 2051 ἐγκλήμασιν
1336 1965 1410 2036 άλι-

317 2066 487 2145 σκομὲνων,
508 2062 552 2137 ὥς
565 2066 662 2147 μέρος
686 2060 845 2146 τυγχάνον
865 2064 923 2126 τοῦ
941 2062 1080 2145 μεγάλου
1101 2068 1251 2146 τεμένους
1270 2068 1327 2131 καί
1339 2072 1412 2134 ε’πί-

317 2156 556 2245 τηδες,ὀίμαι,
586 2164 843 2226 κατασκευασθὲν
869 2169 935 2235 τοῖς
962 2160 1125 2245 ἀρχαίοις,
1156 2166 1209 2228 ἵνα
1229 2168 1292 2241 πάς
1321 2166 1411 2231 ‹is‘rr'

318 2260 491 2345 ἐγκλήματι
506 2258 604 2337 άλοάς
618 2259 674 2324 καί
691 2256 822 2346 φθάσας
836 2254 911 2324 εἴσω
924 2256 1035 2324 τούτου
1052 2264 1208 2343 γενέσθαι,
1229 2266 1287 2347 τῆς
1299 2267 1334 2329 ἐκ
1347 2268 1411 2330 τάν

320 2362 427 2441 νόμων
455 2363 627 2445 τηνικαῦτα
658 2358 874 2441 ἐλευθερῶσαι
894 2360 1016 2442 ποινῆς.
1066 2356 1096 2423 οἱ
1115 2358 1176 2444 γάρ
1196 2361 1296 2427 πάλαι
1315 2368 1461 2446 βασι-πα

321 2464 385 2535 λεῖς
400 2482 436 2523 τε
462 2463 524 2524 ’καί
543 2461 693 2541 καίσαρες
709 2456 825 2538 πολλῆς
853 2454 1050 2545 προμηθείας
1070 2459 1179 2540 η’ξίουν
1197 2458 1234 2525 τὸ
1259 2460 1409 2546 ὑπήκοον.

322 2555 340 2623 ὅ
360 2559 396 2621 δέ
415 2580 450 2641 γε
468 2560 504 2623 ἐν
523 2558 568 2644 τῷ
580 2555 708 2641 τοιοάτηι
729 2556 852 2633 τεμένει
874 2558 1058 2639 προσμένων
1077 2559 1200 2639 ταχέως
1220 2559 1331 2637 αὐτοῖς
1350 2562 1410 2627 ου’νι

322 2654 481 2738 άπιζάγου
509 2654 567 2729 τάς
598 2654 720 2738 θύρας,
743 2652 812 2717 ἀλλ’
835 2652 1028 2719 ἐπυνθάνετο
1035 2704 1045 2737 ,
1067 2659 1147 2734 τίνες
1164 2656 1221 2722 καί
1239 2655 1315 2725 ὅθεν
1333 2654 1408 2727 εἷεν.

398 2847 419 2881 ι.
438 2830 564 2898 βασίλεια
581 2848 589 2880 ι
607 2828 729 2882 παλάτια
748 2826 803 2879 CG.
873 2830 1057 2903 παρέδραμον
1073 2830 1105 2882 G.
1175 2848 1199 2885 ε.
1218 2828 1272 2890 σὺν
1286 2854 1293 2886 ι
1307 2834 1339 2891 ἐν
1355 2834 1409 2887 CG.

399 2916 438 2953 ιο.
455 2898 588 2973 ἐπαγωγῇ
604 2898 638 2953 G.
713 2899 751 2950 ιλ.
769 2896 839 2953 root
857 2898 889 2952 G.
965 2904 1003 2955 18.
1023 2899 1147 2973 ἀρχείοις
1163 2905 1410 2976 σουλῦιιεεερίιιε.

326 3078 371 3122 tue
394 3069 565 3139 paedogogos
592 3068 639 3119 nbi
666 3075 847 3138 experrectus,
866 3068 934 3139 quid
954 3079 1041 3123 sctum
1060 3084 1147 3137 esset,
1175 3076 1322 3143 cognovit,
1351 3074 1411 3129 sace

325 3149 450 3211 arrepta,
468 3139 549 3190 domo
569 3155 598 3190 ιε
612 3141 729 3210 proripit
741 3139 929 3214 fugientesque
953 3142 1035 3211 paulo
1054 3152 1118 3194 unte
1137 3146 1305 3215 assequitur,
1330 3164 1412 3217 quum

327 3212 363 3262 sd
382 3210 562 3281 quadraginta
578 3217 730 3261 sanctorum
749 3208 844 3260 sedem
863 3212 1057 3279 pervenissent
1077 3230 1158 3283 quem
1176 3218 1331 3287 conspicata
1355 3219 1414 3269 Ds-

325 3282 446 3345 lsssens‚
467 3280 672 3331 fortissimorum
693 3278 810 3330 filiorum
830 3289 929 3345 mater,
957 3283 1118 3349 “delntrrm,
1141 3288 1249 3357 inquit,
1270 3288 1305 3339 sd
1326 3288 1413 3358 irnpe-

327 3361 442 3403 rntorenr
471 3350 568 3401 fulsum
594 3349 629 3401 sie
646 3348 726 3401 nobis
745 3350 846 3403 crimen
864 3350 970 3417 sudiei3
996 3354 1122 3423 coniugio
1151 3358 1234 3425 igitur
1253 3358 1288 3409 ud
1308 3368 1413 3412 sanctas

328 3424 470 3484 ecclesias,
487 3438 601 3490 quarum
621 3421 737 3484 auxilio,
753 3430 885 3489 qnantum
902 3432 1013 3491 potero,
1032 3432 1100 3476 utar.
1119 3426 1183 3478 inde
1201 3428 1288 3496 primu
1305 3428 1365 3480 luce
1384 3432 1415 3481 in

329 3495 428 3561 regium
457 3508 501 3541 me
525 3490 670 3542 conseram.
700 3506 784 3561 qusre
810 3500 884 3560 praei
910 3492 992 3557 iiiuc,
1023 3502 1054 3545 ut
1072 3498 1263 3567 cumprimum
1281 3500 1414 3553 innitores
1439 3514 1445 3525 '

329 3565 401 3614 fores
424 3562 560 3631 aperient,
589 3578 635 3612 eos
662 3559 698 3611 de
730 3559 847 3613 adventu
878 3572 970 3615 nostro
995 3566 1123 3618 certiores
1148 3568 1257 3619 iacias.”
1281 3570 1329 3621 iile
1355 3573 1416 3623 sine

328 3650 421 3696 mora,
446 3630 520 3701 quod
541 3632 629 3681 iussus
656 3638 730 3693 erut,
761 3634 924 3701 exsequitur.
952 3630 1079 3687 mulieres
1105 3636 1139 3688 ad
1165 3640 1286 3709 episcopi
1308 3642 1416 3692 Nicoiui

329 3702 426 3755 eedem
451 3709 611 3771 properant,
629 3700 704 3771 quod
728 3702 869 3769 Refugium
895 3704 1049 3756 etiamnunc
1066 3708 1138 3759 solet
1163 3709 1311 3778 sppelluri,
1329 3728 1417 3781 prope

330 3790 453 3840 sisagnsns
480 3772 619 3823 ecclesium
646 3770 748 3823 dudum
774 3770 810 3822 ed
837 3774 951 3824 sulutem
980 3790 1073 3827 eorum
1091 3777 1276 3844 aedificatam,
1297 3782 1345 3850 qui
1364 3784 1417 3833 cri-

330 3844 448 3893 minibus
465 3850 601 3894 tenentnr.
618 3858 651 3893 en
667 3843 755 3911 magni
771 3844 865 3912 templi
888 3843 973 3896 veluti
991 3863 1052 3915 pars
1071 3849 1201 3916 quaedum
1222 3851 1256 3903 de
1274 3850 1417 3915 industris,

331 3914 445 3981 opinor,
463 3928 479 3961 a
496 3912 640 3965 maioribus
658 3919 793 3964 exstructa
810 3922 869 3977 est,
893 3922 925 3965 ut
941 3916 1118 3987 quicunque,
1136 3921 1238 3972 sceiere
1257 3924 1417 3985 commisso,

331 3998 364 4033 eo
383 3984 562 4049 confugisset,
579 4000 667 4053 poena
685 3983 807 4051 legitima
829 3983 1002 4037 liberaretur.
1020 3988 1098 4056 prisci
1116 3990 1250 4059 siquidem
1269 3992 1418 4061 imperato-

332 4070 374 4104 res
389 4062 418 4105 et
434 4070 555 4106 caesores
566 4071 660 4123 magns
672 4072 734 4104 cura
748 4054 899 4104 rationibus
914 4056 1082 4108 subditorum
1100 4063 1309 4130 prospiciebant.
1325 4080 1418 4115 verum

332 4125 392 4175 eius
410 4123 504 4192 templi
523 4134 625 4186 custos,
645 4140 700 4174 non
717 4122 792 4175 iiiico
811 4124 920 4175 reclusis
939 4128 1034 4195 portis,
1056 4128 1103 4197 qui
1123 4139 1152 4181 et
1167 4132 1301 4184 undenum
1320 4142 1419 4193 essent,

331 4194 551 4266 percontabatur.
568 4194 614 4247 bic
631 4194 731 4265 aliquis
748 4212 782 4247 en
795 4194 941 4249 comitibus
953 4198 1107 4262 “mulieres,
1126 4201 1227 4271 inquit,
1249 4220 1282 4255 rx
1294 4202 1419 4269 Orientct
