3042 4909
505 339 744 407 ratast-Tro.
1076 341 1160 409 xvi!

67 508 131 553 νου
157 480 260 552 sard
282 476 406 567 τάξιν,
428 481 584 565 πλησίον
619 490 688 554 τοῦ
711 480 850 580 θρόνου
874 488 943 554 τοῦ
966 481 1163 581 βασιλικοῦ

67 600 180 688 οὗτος
205 601 307 687 ἔστη.
360 607 428 675 Pro
445 632 520 702 quo
546 608 623 703 ipsa
648 606 855 679 doctissima
882 609 1054 706 Princeps
1075 612 1164 681 scri·

68 744 210 825 pserat:
246 727 481 810 εἰσελθόντος
506 722 546 800 dd
571 732 710 800 τούτου
737 726 898 813 ἐκτείνας
918 731 985 810 τὴν
1006 739 1118 829 χεῖρα
1143 735 1165 803 ὁ

68 852 252 949 βασιλεὺς
281 852 342 922 καὶ
376 858 438 935 τῆς
470 852 606 926 ἐκείνου
635 856 820 947 ἁψάμενος
849 857 991 955 χειρὸς,
1016 858 1078 927 καὶ
1097 859 1165 940 τὴν

71 978 217 1060 σανήῇη
253 981 334 1058 τοῖς
365 974 562 1073 βασιλεῦσι
588 980 879 1077 προσαγόρευσιν
913 982 1167 1074 ποιησάμενος,

71 1102 175 1194 ἐγγὺς
208 1106 278 1170 τοῦ
308 1100 504 1197 βασιλικοῦ
533 1104 801 1199 παρεστήσατο
836 1103 983 1201 θρόνου.
1043 1107 1102 1178 Sic
1131 1120 1169 1177 et

71 1225 135 1295 lib.
157 1230 238 1320 12,
258 1225 324 1295 ubi
340 1225 553 1322 Dyrrhachii
567 1228 653 1299 situs
678 1225 911 1299 describitur:
933 1230 972 1298 ἐν
996 1229 1046 1323 τῷ
1070 1229 1169 1322 μέσῳ

73 1340 113 1419 δὲ
140 1342 222 1443 εἶχε
247 1346 404 1440 πέλαγος
427 1347 636 1440 ἠπλσμένον
654 1349 757 1435 ,πολὺ
781 1345 844 1419 καὶ
874 1348 1035 1447 μακρόν·
1070 1349 1169 1421 aava

38 1553 43 1572 .
72 1475 140 1563 ptr
166 1468 212 1541 ‘fd
236 1470 377 1552 πλάτος
410 1468 675 1569 παρατείνεται
705 1470 769 1541 καλ
792 1466 1017 1556 &teotonicae
1042 1475 1092 1555 εἰς
1116 1472 1167 1544 τό
1277 1502 1281 1511 -

42 1575 225 1693 ’πέραμα
248 1598 312 1676 τῆς
332 1592 505 1676 Ἰταλίας.
556 1596 653 1693 Ipsa:
679 1598 718 1667 ἐν
742 1602 795 1690 τῷ
814 1596 914 1692 μέσον
930 1591 972 1668 δὲ
992 1598 1169 1695 opleto-

71 1744 141 1790 ται
169 1718 323 1813 πέλαγος
347 1716 443 1788 πολὺ
468 1715 530 1788 καλ
556 1717 706 1818 μακρόν,
728 1718 791 1789 καλ
815 1720 913 1791 κατά
928 1721 1079 1803 πλάτος
1101 1728 1170 1815 μὲν

73 1847 299 1941 παρατεῖνον
320 1842 370 1923 εἰς
393 1842 461 1924 τὴν
486 1841 641 1942 περαίαν
660 1849 732 1914 τῶν
760 1842 950 1917 Ἰταλοῖν.“
998 1846 1060 1918 llis
1084 1872 1169 1944 spe-

75 1968 274 2041 ciminibus
299 1967 423 2039 insunt
446 1990 532 2039 sane
558 1966 682 2064 plura,
712 1992 807 2066 qnae
832 1968 1085 2067 quotidianam
1110 1972 1168 2041 lo-

77 2090 219 2189 quendi
251 2088 551 2163 consuetudinem
586 2089 795 2187 redoleant,
829 2092 945 2189 qualis
979 2092 1169 2191 hodieque

77 2212 178 2313 apud
203 2214 360 2287 Graecos
385 2216 537 2287 obtinet.
587 2214 661 2289 Nec
684 2228 808 2287 tamen
832 2216 968 2314 vulgari
988 2218 1110 2314 lingua
1126 2244 1170 2290 ea

78 2340 212 2435 scripta
238 2338 478 2432 crediderim,
509 2338 648 2436 quippe
681 2338 784 2437 quod
815 2341 871 2409 vel
895 2338 1168 2413 Comnenorum

79 2476 207 2555 aetate,
226 2460 362 2533 nedum
379 2462 423 2533 iis
436 2464 678 2559 temporibus,
695 2464 829 2559 quibus
848 2464 1172 2559 vixitEpitomator

81 2586 159 2679 iste,
185 2608 406 2681 sermonem,
431 2610 508 2682 quo
524 2586 629 2683 vulgo
643 2586 770 2657 Graeci
794 2586 1003 2680 utebantur,
1027 2588 1067 2659 in
1084 2588 1170 2659 bar·
1259 2593 1270 2624 '

81 2710 218 2780 basiem
244 2710 358 2781 multo
374 2707 576 2780 foediorem
598 2710 670 2780 iam
691 2708 939 2806 degenerasse,
963 2711 1170 2781 certissimis

83 2834 301 2929 argumentis
329 2832 458 2905 videor
491 2832 583 2905 mihi
614 2832 772 2929 probare
797 2858 913 2928 posse.
960 2832 1095 2924 -Quare
1117 2834 1170 2905 sic

82 2968 211 3049 statuo,
232 2956 536 3054 Epitomatorem,
565 2980 647 3027 eum
669 2944 879 3026 Alexiadeni
901 2954 948 3027 ad
968 2956 1168 3028 faciliorem

81 3080 352 3177 intelligentiam
379 3078 657 3153 accommodare
681 3081 806 3173 vellet,
838 3102 906 3175 pro
938 3081 1090 3150 vocibus
1111 3069 1169 3150 lo·

82 3202 293 3300 quendique
309 3205 472 3277 formulis
491 3204 797 3301 exquisitioribus,
814 3204 948 3301 quibus
962 3203 1168 3275 orationem

80 3350 179 3398 suam
193 3326 295 3399 Anna
316 3326 491 3422 distinxit,
515 3328 659 3399 notiora
681 3328 828 3424 passim,
852 3324 1036 3397 interdum
1058 3328 1167 3399 etiam

82 3448 127 3519 de
150 3450 260 3521 trivio
285 3464 427 3544 sumta,
450 3451 683 3523 substituisse.
737 3448 841 3540 Quae
862 3449 1009 3522 lieentia
1032 3451 1169 3546 effecit,

81 3588 140 3669 ut,
165 3573 350 3671 quidquid
382 3574 664 3671 discrepantium
696 3574 896 3645 lectionum
929 3573 1058 3668 habet,
1081 3600 1168 3670 per-

82 3722 190 3795 quam
217 3696 351 3770 dubiae
373 3700 594 3771 auctoritatis
612 3696 816 3795 putandum
842 3699 898 3768 sit.
950 3696 1051 3788 Quin
1072 3696 1166 3771 adeo

81 3822 275 3919 pleraeque
312 3848 359 3895 ne
392 3822 522 3918 dignae
554 3820 705 3921 quidem
739 3820 926 3915 videntur,
960 3820 1094 3916 quibus
1126 3821 1166 3892 in

80 3942 262 4017 lariorum
289 3944 502 4019 Lectionum
528 3958 701 4043 apparatu
734 3944 884 4041 angulus
908 3943 1140 4015 concedatur.
1180 3988 1188 3993 -

175 4065 231 4139 Ab
266 4066 325 4139 his
351 4068 528 4165 Epitomis
566 4066 705 4139 diversa
737 4080 775 4138 et
805 4067 920 4138 multo
946 4068 1094 4139 maioris
1119 4065 1167 4137 ad

81 4190 187 4265 crisin
211 4193 392 4265 momenti
410 4206 462 4265 est
476 4192 545 4263 alia
558 4190 735 4265 Alexiadis
749 4192 928 4290 Epitome,
951 4190 1052 4280 libris
1064 4189 1167 4281 Vlll.,

143 4323 226 4375 Am
245 4320 393 4375 Comnana.
