3042 4909
341 303 421 386 roo
675 319 815 384 inune
843 314 1069 382 conuenire

331 476 420 558 ἱερὸν
439 477 567 554 τέμενος
584 471 643 557 τῆς
660 467 952 554 μάρτυροςθέκλης
971 457 1166 546 α’πεπλὴρου,
1186 457 1265 545 ἐπερ
1285 459 1304 524 ὁ
1325 461 1429 525 αύτο-

331 574 456 660 κράτωρ
474 571 629 646 Ἰσαάκιος
648 569 666 633 ὁ
688 565 852 651 Κομνηνὸς
879 563 935 628 καί
953 561 1168 648 άνδράδελφος
1188 562 1287 643 αύτῆς
1301 561 1336 625 ἐκ
1356 582 1428 624 τοι-

332 678 429 759 αύτης
443 669 548 747 αέτίας
562 672 720 750 ἐδείματο.
739 667 810 732 ἐπεὶ
829 661 891 748 γάρ
904 660 943 741 ἃς
962 665 1061 727 πάλαι
1075 656 1161 742 εἶχον
1180 659 1210 723 οἱ
1230 662 1292 724 τῶν
1302 661 1427 774 ἱΔακῶν

331 773 507 857 άρχηγέται
518 767 599 852 μετά
612 771 674 832 τῶν
682 765 849 848 Ῥωμαίων
858 761 994 838 σπονδάς
1007 771 1114 845 τηρεῖν
1124 761 1219 824 εἰσέτι
1228 757 1287 820 ουίι
1297 761 1428 842 ηδελον,

330 871 413 938 ἄλλά
436 869 752 955 παραστισνδησαιαες
767 869 925 946 διέλυσαν,
947 858 1061 926 τούτου
1081 863 1117 924 δὲ
1134 856 1232 941 δήλου
1250 865 1314 933 τοῖς
1336 860 1458 928 Zau-5

300 969 485 1055 Βρομάταις
506 964 689 1052 γεγονότος,
719 967 750 1030 οδ
766 963 846 1048 πρὸς
875 966 937 1029 τῶν
957 959 1056 1025 πύλαι
1077 959 1193 1024 Μυσοί
1208 954 1424 1041 προσηγορεύ-

331 1095 421 1153 οντο,
448 1069 524 1136 σύδέ
557 1069 650 1133 orirer*
677 1073 741 1144 τοϊς
761 1067 853 1141 ἐδίοις
874 1061 974 1146 ὁρίοις
1001 1061 1186 1142 ἐμμένοντες
1204 1050 1321 1142 ἤθελον
1342 1054 1425 1140 ἡσυ-

328 1169 457 1254 χάζειν,
484 1165 649 1250 νεμόμενοι
680 1167 834 1251 πρότερον
859 1160 960 1227 ὁπόσα
990 1151 1146 1242 ὁἼστρσς
1171 1155 1250 1242 πρὸς
1279 1153 1425 1240 τὴντῶν

326 1269 491 1349 Ῥωμαίων
510 1269 641 1351 διορίζει
661 1266 837 1349 ἡγεμονίαν,
858 1263 927 1327 αλλ’
949 1259 1070 1343 ἀθρόον
1088 1252 1320 1331 ἀπαναστάντες
1343 1256 1424 1340 πρὸς

329 1365 386 1452 τήν
401 1363 567 1452 ἡμεδαπῆν
580 1369 639 1450 γῆν
653 1364 904 1452 μετῳκίσθησαν.
924 1361 1011 1424 αἰτία
1024 1360 1059 1424 δὲ
1073 1361 1128 1442 τῆς
1139 1355 1259 1420 τούτων
1277 1356 1421 1439 μετοικη-
1437 1387 1476 1426 ιο

329 1489 410 1541 σεως
428 1466 447 1544 ἢ
468 1470 528 1529 τῶν
550 1465 656 1530 Γετῶν
677 1465 744 1526 κατ’
769 1462 877 1526 αύτῶν
899 1453 1054 1534 ἄσπονδος
1074 1454 1199 1540 ἔχθρα,
1220 1453 1423 1537 ὁμορούντων

329 1565 389 1646 μὲν
408 1566 555 1644 ἐκείνοις,
582 1560 716 1636 τούτους
745 1562 782 1624 δέ
812 1555 1040 1646 λῃστευόντων.
1093 1555 1149 1620 διὰ
1178 1557 1284 1621 ταύτα
1312 1553 1425 1638 καιρὸν

330 1664 567 1746 ἐπιτηροῦντες,
597 1662 666 1726 ἐπεὶ
696 1656 752 1724 τδν
780 1651 905 1742 Ἴστρον
938 1656 1287 1739 ὁποκρυσταλλωβέντα
1321 1647 1422 1733 εἶδον,

331 1759 440 1843 ῶσπερ
463 1763 582 1848 η’πείρρι
611 1759 713 1847 τούτῳ
733 1753 950 1842 χρησάμενοι,
981 1759 1103 1820 ἐκεῖθεν
1122 1751 1202 1839 πρὸς
1222 1751 1308 1838 ἡμᾶς
1326 1775 1425 1834 μετα·

304 1861 495 1934 ονίστανται
517 1854 588 1925 ὁλον
608 1856 700 1933 ἔθνος
718 1866 784 1932 τοῖς
804 1857 968 1940 ἡμετέροις
988 1855 1214 1939 ἐπιφορτισθέν
1227 1849 1349 1937 ὁρίοις,
1371 1851 1425 1916 καί
1435 1859 1474 1922 ι5

332 1960 443 2034 δεινῶς
467 1961 628 2044 ἐληίζοντο
647 1955 706 2031 τὰς
726 1955 961 2039 παρακειμένας
981 1952 1088 2028 πόλεις
1105 1955 1161 2017 καί
1180 1946 1301 2034 χύρας.
1342 1953 1423 2016 τούτ

331 2057 516 2132 ἐνωτισβείς
539 2053 556 2120 ὁ
578 2053 729 2140 βασιλεύς
748 2052 912 2134 Ἰσαάκισς,
935 2056 1006 2118 δέον
1029 2049 1130 2134 ἔκρινε
1151 2048 1208 2135 τὴν
1235 2048 1426 2133 Τριύδιτζαν

329 2161 532 2237 καταλαβεῖν.
575 2158 645 2220 ἐπεί
663 2153 739 2229 τούς
762 2147 860 2238 {pierre
879 2150 1063 2236 βαρβάρους
1083 2154 1146 2215 τῶν
1165 2145 1419 2233 ἐπιχειρημάτων

331 2253 461 2340 φθάσας
482 2256 615 2340 α’νεϊρξε,
638 2255 694 2320 καί
712 2254 807 2318 τούτο
832 2251 871 2334 δη
893 2251 1186 2335 άπραγμονέστατον
1206 2249 1295 2335 αύτῷ
1315 2244 1419 2331 ἐνεγύ-

330 2377 378 2420 νει
399 2353 434 2420 τὸ
456 2359 576 2438 τμῆμα.
619 2353 675 2418 καί
693 2351 731 2436 δὴ
753 2353 787 2417 τὸ
816 2347 978 2415 ὁπλιτικὸν
999 2343 1085 2414 ὁταν
1104 2346 1344 2429 συλλεξάμενος,
1365 2350 1419 2432 τῆς
1428 2377 1471 2418 20

330 2451 411 2534 πρὸς
429 2451 466 2518 τά
486 2455 587 2518 ἐκεῖσε
613 2449 772 2538 φερούσης
791 2447 869 2514 ὁδού
890 2444 1023 2534 ἥψατο,
1050 2444 1208 2513 ἐπελάσαι
1227 2450 1418 2530 βουλόμενος

331 2553 394 2615 τῶν
407 2547 593 2633 Ῥωμαϊκῶν
615 2545 699 2634 ὁρων
726 2549 855 2624 αύτούς.
895 2543 1092 2633 καταστήσας
1113 2550 1149 2614 δὲ
1170 2544 1257 2614 ἅπαν
1274 2545 1310 2614 τὸ
1327 2545 1420 2614 tutr-

404 2752 426 2787 ι.
444 2735 544 2798 Θέτλης
559 2731 620 2798 ΟΔ,
645 2733 749 2794 Θέιιλας
768 2734 821 2786 PG.
929 2736 956 2789 3·
974 2731 1031 2790 τῶν
1054 2750 1106 2785 orn.
1122 2733 1152 2785 Δ.
1293 2727 1421 2794 σπονδάς

399 2803 644 2872 παρεσπόνδησαν
660 2804 691 2856 Δ.
795 2807 820 2858 6.
837 2804 1088 2878 προσαγορεύοντα
1108 2804 1172 2867 PG,
1187 2811 1260 2857 recte
1278 2803 1309 2856 Δ.
1395 2823 1419 2873 7.

400 2871 502 2938 ἤθελον
523 2873 671 2944 ἡσυχάζειν
687 2892 739 2928 om.
761 2875 816 2927 CG.
886 2895 912 2946 9
931 2876 1139 2938 ἐπαναστάντες
1158 2874 1216 2927 Gai.
1294 2875 1335 2944 τέ.
1352 2877 1420 2932 lutr-

400 2949 548 3002 νίστανται
565 2947 620 3001 CG.
713 2949 754 3000 18.
772 2945 847 3008 ἑῶας
865 2947 898 2999 G.
978 2963 1020 3001 τι.
1036 2940 1109 3017 πρὸς
1128 2966 1135 2998 τ
1152 2950 1221 3019 crept
1238 2946 1271 2999 G·
1379 2998 1387 3018 ,

331 3112 404 3168 diem
421 3115 587 3170 eecuiaribue
600 3118 716 3187 negotiie
735 3117 928 3188 impendebat,
944 3117 995 3170 red
1013 3117 1187 3187 praeecriptie
1211 3117 1292 3170 eacrie
1310 3117 1339 3170 in
1347 3119 1421 3172 Tire-

331 3186 390 3238 olne
407 3189 530 3254 martyris
548 3189 651 3257 ternpio
669 3189 818 3252 intererat,
847 3189 923 3257 quot
947 3189 1065 3241 leoncius
1084 3188 1238 3241 Comnenur
1258 3191 1420 3257 imperator,

330 3257 339 3308 i
361 3258 414 3308 eiue
432 3258 518 3322 levir,
548 3257 598 3311 hac
623 3257 657 3310 de
683 3275 762 3310 cause
783 3267 957 3311 exstruxerat.
978 3277 1038 3312 cum
1055 3260 1188 3310 Dacorum
1206 3260 1342 3329 principer
1361 3263 1421 3313 ioe-

352 3345 396 3390 ue,
418 3327 521 3380 dudum
542 3346 601 3382 cunr
620 3331 743 3381 Romenir
762 3331 854 3393 ictum,
872 3347 979 3382 rervm
992 3330 1097 3381 diutine
1111 3329 1226 3395 nollent,
1244 3329 1293 3381 red
1311 3340 1419 3400 pactum

329 3397 433 3467 perfide
455 3409 624 3468 rumperent,
643 3399 673 3451 id
689 3401 934 3453 animadvertenter
954 3401 1137 3466 Sauromatae,
1158 3401 1205 3472 qui
1227 3401 1326 3468 Mysia
1342 3411 1421 3454 rete-

329 3468 404 3519 ribur
425 3471 651 3539 appellabantur,
671 3487 707 3522 ne
725 3473 779 3542 ipsi
796 3470 909 3543 quidem
925 3473 1065 3524 continere
1084 3488 1114 3522 re
1133 3473 1204 3523 intra
1222 3472 1290 3523 finer
1311 3481 1420 3528 euocet

328 3540 468 3608 quiescere
494 3542 650 3608 καλύπτραις
676 3541 724 3593 red
752 3560 814 3594 curn
843 3541 982 3611 hucusque
1000 3559 1046 3594 eae
1066 3543 1202 3611 regiones,
1231 3559 1298 3612 quae
1317 3545 1385 3595 Irter
1403 3563 1420 3597 a

328 3609 507 3662 Romanorum
525 3612 639 3680 irnperio
657 3614 791 3682 seiungit,
814 3613 1006 3677 incoluissent,
1033 3615 1123 3666 cuncti
1141 3613 1244 3665 reiictir
1261 3605 1372 3667 redibere
1389 3616 1420 3666 in

328 3679 396 3732 liner
416 3691 521 3733 nostroe
549 3683 710 3752 irruperunt.
739 3687 817 3736 cuiue
835 3685 991 3754 irruptionir
1010 3700 1090 3736 caure
1110 3683 1239 3736 Getarum
1258 3684 1335 3736 fuere
1352 3687 1420 3738 aesi-

328 3749 398 3802 duae
416 3753 590 3815 inimicitiae,
609 3756 733 3824 quicum
753 3754 862 3806 finitimi
885 3761 984 3818 errent,
1005 3755 1156 3807 latrociniis
1179 3771 1225 3806 eor
1245 3754 1420 3808 incessebant.

331 3820 424 3890 itaque
444 3834 522 3893 cepte
540 3825 701 3890 occasione,
718 3843 779 3876 cunr
799 3827 899 3878 Inuum
916 3826 1004 3893 glacie
1021 3834 1176 3878 concretum
1195 3835 1356 3892 cernerent,
1373 3844 1421 3878 re-

330 3889 372 3941 iut
391 3896 543 3947 continenti
566 3911 599 3947 eo
619 3897 677 3960 usi,
704 3896 770 3948 inde
789 3895 825 3948 ed
842 3914 892 3948 noe
910 3899 1075 3965 migrarunt,
1096 3905 1208 3966 totaque
1225 3913 1290 3964 gene
1309 3897 1338 3948 in
1357 3897 1421 3950 fini·

330 3959 381 4011 bur
401 3965 502 4016 nostrie
521 3965 647 4019 coneedit
663 3985 694 4019 ec
711 3967 825 4036 graviter
842 3966 922 4019 urber
936 3968 1114 4037 regionerque
1133 3967 1288 4018 adiacentes
1305 3970 1420 4020 vexarit

327 4047 383 4099 quo
396 4035 511 4100 cognito,
533 4038 803 4107 imperatorlraacior
813 4037 979 4090 Triaditzarn
995 4037 1219 4108 proficiscendum
1239 4040 1342 4090 rutuir„
1359 4047 1422 4109 post

329 4119 467 4168 repressor
484 4113 565 4158 antee
584 4107 755 4161 orientolium
776 4107 950 4159 barbarorum
970 4111 1095 4178 impetur,
1115 4109 1196 4160 etiarn
1215 4107 1284 4160 irene
1303 4125 1357 4160 renr
1380 4109 1420 4159 {a-

329 4175 374 4224 riti
393 4175 509 4244 perfecit
526 4180 643 4247 negotio.
666 4179 790 4232 universo
809 4180 881 4232 eninr
900 4179 1017 4234 collecto
1034 4179 1169 4243 exercitu,
1189 4180 1304 4232 iuriam
1321 4196 1351 4234 ee
1369 4176 1419 4232 de-
