3042 4909
240 278 298 389 94
578 298 718 361 Annio
745 295 968 362 commin

237 446 398 537 ἡγεμόνιον
427 444 508 527 μετὰ
542 449 605 511 ταῖν
634 448 689 511 ὑπ’
721 446 839 522 αύτούς
871 447 924 512 ὁίἁ
945 442 1140 532 γραμμάτων
1162 450 1329 529 μετεκαλὲ·

237 572 327 617 σατο.
399 550 454 612 κατ’
480 543 519 629 δή
554 548 730 629 κινηθέντες
759 541 898 623 ἅπαντες
925 544 1005 632 πρός
1033 546 1092 629 τήν
1119 544 1331 631 μεγαλόπολιν

237 652 410 734 ἠπείγοντο.
453 646 488 711 ἔν
508 646 647 735 τοσούτρι
668 649 703 711 δὲ
725 646 934 722 εἰσελθώντις
954 648 988 725 ἐξ
1009 644 1172 731 ὑποθήκης
1190 648 1330 731 θατέρου

237 752 299 816 ταῖν
318 746 457 825 δούλων,
478 746 537 808 τοῦ
557 745 733 826 ’λεγομένου
757 746 915 828 Βοριλου,
936 736 1031 829 ἤρετο
1051 741 1107 810 τόν
1128 746 1281 827 βασιλέα,
1301 744 1333 807 εἰ

236 846 317 913 κατιὶ
338 842 465 929 γνώμην
495 846 595 909 ου’τοό
621 843 678 921 τὰς
700 842 851 927 θυνὰμεις
877 840 1006 920 ἁπόοας
1031 842 1165 927 ἁμέγας
1187 844 1361 924 doniors-5

152 965 291 1033 Ηςκος
311 949 358 1021 εἰς
375 943 432 1029 τήν
452 940 686 1025 βασιλεύουσαν
705 944 795 1008 πόλιν
814 941 943 1026 εἰσάγει.
985 940 1003 1006 ἁ
1026 944 1055 1007 θ’
1071 938 1173 1017 εύθύς
1192 966 1334 1023 μετακα-

239 1045 408 1127 λεσάμενος
438 1048 547 1129 τοῦτον
564 1036 693 1127 ήρτότοι,
720 1044 751 1108 εἰ
774 1042 891 1127 ἀληθές
912 1045 980 1109 ἐστι
1003 1042 1040 1107 τό
1062 1040 1237 1125 λεγόμενον.
1279 1037 1335 1104 κατ’

203 1144 274 1221 Cic
295 1146 410 1210 αύτίκα
431 1145 601 1222 τοῦτομὲν
623 1141 679 1206 οὐκ
699 1144 843 1228 ἠρνεῖτο,
872 1136 923 1206 ὅτι
944 1138 1078 1225 στρατιὰ
1103 1165 1152 1216 τις
1173 1134 1334 1223 εἰσάγεται

237 1248 276 1331 τῇ
298 1244 417 1309 ἐκείνου
442 1237 606 1324 κελεύσει,
625 1239 706 1326 πρός
726 1244 762 1307 δὲ
786 1237 820 1306 τό
850 1244 957 1307 πᾶσαν
976 1240 1198 1324 ἁπανταχόθεν
1218 1242 1332 1305 ἐνταυ-

237 1349 297 1409 θοῖ
312 1344 595 1427 συναθροίζεσθαι,
616 1342 760 1416 πιθανῶς
773 1340 998 1425 παρεκρούετο.
1021 1336 1059 1403 “ό
1081 1340 1140 1425 γὰρ
1161 1361 1209 1405 τοι
1231 1362 1389 1421 ntea-10

239 1440 316 1519 τός”
341 1465 439 1528 φησιν
464 1441 713 1521 ((ἁιεσπαρμὲνος
742 1433 788 1506 οἶόν
815 1435 1059 1523 ἁπανταχόθεν,
1081 1436 1175 1515 ἄλλος
1198 1430 1334 1503 ἁλλοθεν

215 1538 311 1625 ήκει
337 1540 445 1622 λαβών
473 1536 507 1603 τό
533 1540 717 1617 ἐνδόσιμον·
767 1542 823 1603 καί
840 1536 870 1603 οἱ
899 1534 1029 1617 τούτους
1052 1536 1186 1623 ὁρῶντες
1207 1540 1242 1603 ἔκ
1264 1537 1336 1602 δια-

239 1638 347 1727 φόρων
365 1641 473 1723 μεροῖν
493 1639 549 1719 τῆς
572 1639 636 1701 τῶν
651 1636 819 1719 Ῥωμαίων
834 1638 1002 1722 ἡγεμονίας
1021 1634 1162 1723 ἁθρόους
1181 1639 1336 1724 α’φικνου·

238 1738 555 1822 μένους,νομιζουσιν
567 1735 610 1811 ὥς
631 1735 691 1799 ἁπό
713 1733 917 1823 συνθήματος
933 1732 1035 1803 πάντα
1055 1732 1112 1803 τόν
1131 1734 1266 1822 στρατόν
1285 1738 1336 1801 ἐν·

239 1842 360 1904 τουθοῖ
375 1835 660 1919 συναθροίζεσθαι,
677 1837 716 1923 τῇ
736 1840 798 1925 θὲρι
818 1833 874 1901 καί
889 1835 970 1924 μόνῃ
994 1833 1261 1917 ὲξαπατύμενοι.”
1280 1838 1388 1913 xoc'15

238 1940 296 2002 τοῦ
315 1938 455 2021 Βοριλοο
479 1932 579 1998 πολλὰ
599 1932 681 2017 πρός
700 1934 833 2011 τούτους
856 1933 931 2009 τούς
952 1932 1064 2018 λόγους
1085 1934 1336 2019 α’νθυπενογκόν-

239 2060 308 2117 τος,
329 2028 546 2118 ἰσχυρότερος
566 2036 622 2097 καί
640 2028 741 2109 οὕτως
772 2027 812 2117 ἦν
832 2032 848 2099 ἁ
868 2034 1006 2111 Ἀλεξιος
1025 2036 1081 2097 καί
1100 2028 1189 2111 όλαις
1209 2030 1337 2119 ἐκράτει

241 2133 377 2220 ψήφοις.
420 2130 436 2197 ἁ
458 2133 493 2195 δὲ
513 2128 680 2217 Γερμανὸς
706 2131 924 2217 ἁπλούστερος
944 2124 987 2197 τόν
1011 2132 1047 2196 ού
1067 2128 1150 2197 πάνυ
1171 2136 1228 2199 τοῦ
1245 2132 1337 2198 Ἀλε-

211 2237 312 2311 οξίου
333 2234 524 2318 κατέτρεχεν.
576 2229 647 2296 ἐπεὶ
666 2234 702 2296 δὲ
727 2232 805 2297 ούιλὲ
834 2230 874 2297 τὰ
896 2234 1102 2317 εἰσηγήθέντα
1124 2234 1229 2297 ταῦτα
1252 2230 1334 2296 κατὰ

243 2320 312 2398 τού
328 2334 512 2413 δομεστίκου
541 2327 598 2415 τήν
617 2334 678 2397 τού
704 2334 861 2415 βασιλέως
884 2332 1047 2414 ἐξετὰραξε
1069 2326 1197 2415 ψυχήν,
1218 2332 1335 2413 καιροῦ
1342 2368 1387 2410 20

241 2428 409 2513 λαβόμενοι
439 2432 495 2496 κατ’
524 2433 650 2513 οἷόέιόις,
681 2426 817 2515 (ἑσπέρα
845 2431 881 2493 δὲ
902 2422 971 2515 η’ν,)
999 2430 1057 2515 τήν
1084 2428 1163 2495 κατὰ
1184 2432 1246 2497 τοόν
1267 2434 1336 2496 Κο-

240 2532 366 2613 μνηνῶν
393 2533 526 2613 ἐνέδραν
554 2526 715 2615 ἐξήρτυον.
767 2526 838 2593 ἔστι
865 2532 925 2611 μὲν
955 2526 1016 2611 γόρ
1047 2523 1150 2605 ἁλλτος
1172 2526 1278 2616 ’φύσει
1296 2528 1332 2594 τό

241 2634 355 2695 δοῦλον
377 2637 443 2705 τοῖς
464 2624 631 2705 δεσπόταις
642 2629 803 2711 πολέμιον,
823 2623 900 2695 ὅταν
922 2631 957 2694 δὲ
972 2630 1036 2694 τῶν
1057 2632 1218 2695 δεσποτῶν
1238 2632 1335 2696 αότο-

309 2790 335 2857 4.
353 2788 470 2858 βσορλλιι
488 2787 516 2838 Ρ.
619 2788 645 2842 6.
664 2788 874 2860 βασιλεύουσαν
891 2805 944 2842 om.
961 2790 993 2841 A.
1100 2786 1167 2845 ὅδὲ
1186 2788 1218 2840 G.
1304 2805 1332 2857 9.

310 2862 468 2914 ἐνταυθοῖι
487 2856 558 2933 oiri
574 2858 605 2910 A.
696 2860 734 2915 15.
750 2864 800 2913 καὶ
817 2862 866 2916 τοῦ
885 2881 891 2913 :
909 2866 1000 2915 καίτοι
1014 2858 1064 2913 τοῦ
1082 2860 1110 2915 Ρ.
1196 2862 1235 2915 16.
1255 2856 1336 2915 tm·

308 2930 497 3053 πενεγέρβρτος
515 2930 542 2983 P.
645 2932 685 2986 18.
705 2930 737 2985 δὲ
753 2948 806 2983 om.
824 2932 858 2984 G.
951 2950 990 3003 ¹9·
1010 2921 1081 2985 κατὰ
1098 2930 1149 2986 τοῦ
1167 2929 1334 3004 δομεστλκου

309 3017 362 3053 om.
451 3040 458 3054 .

240 3132 356 3202 dentis‚)
374 3138 454 3201 cepte
472 3130 630 3195 occasione,
649 3148 718 3201 qnos
736 3129 853 3183 maxime
870 3128 924 3183 sibi
944 3129 1011 3184 fidos
1033 3130 1167 3183 exercitus
1186 3130 1268 3183 duces
1286 3146 1334 3184 eo.

240 3211 382 3269 gnorunt,
410 3218 472 3253 cum
496 3201 530 3253 iis
548 3202 647 3271 quibus
665 3209 825 3273 praeerant,
853 3200 952 3255 litteris
974 3202 1080 3272 scriptis
1099 3203 1266 3256 convocavit.
1283 3202 1333 3273 qui

240 3292 300 3324 cum
317 3273 352 3324 nd
370 3270 463 3323 urbem
491 3272 668 3335 festinarent,
692 3271 762 3324 adiit
785 3272 974 3341 imperatorem
992 3273 1103 3343 quidam
1124 3270 1157 3323 ab
1172 3272 1258 3325 altero
1276 3290 1334 3325 ser-

240 3360 342 3407 vorum,
353 3344 442 3395 Borilo
455 3344 603 3407 nominato,
615 3342 788 3404 subornatus,
798 3344 986 3413 quaesivitque
998 3361 1030 3396 ex
1045 3362 1086 3409 eo,
1104 3360 1169 3395 num
1186 3345 1262 3395 iussu
1275 3344 1333 3397 eino

240 3416 378 3467 universas
389 3415 420 3465 in
430 3415 525 3467 urbem
543 3416 634 3483 copias
650 3430 762 3483 magnus
774 3414 937 3467 domesticus
950 3423 1064 3483 cogeret
1083 3416 1229 3485 imperator
1241 3416 1334 3467 statim

240 3485 365 3536 Alexiunr
385 3486 540 3537 arcessitum
560 3486 752 3554 interrogavit,
772 3502 872 3537 verone
898 3486 1022 3557 nuntiate
1045 3496 1141 3538 essent.
1159 3485 1207 3536 ille
1225 3495 1334 3554 partem

240 3555 353 3625 quidem
371 3558 504 3608 exercitus
529 3571 578 3606 suo
606 3557 681 3607 iussu
699 3558 727 3608 in
746 3556 840 3608 urbem
860 3556 932 3607 coire
957 3556 1105 3626 professus,
1138 3554 1171 3607 de
1198 3557 1333 3609 universis

241 3628 328 3694 copiis
352 3633 496 3696 pernegat,
517 3626 601 3695 idque
626 3628 673 3691 ito,
695 3636 726 3679 ut
745 3626 826 3679 fidem
846 3626 954 3679 iaceret.
973 3644 1072 3697 nempe
1091 3626 1209 3679 exercitu
1229 3626 1335 3697 ubique

242 3696 382 3764 disperso,
398 3697 482 3749 elium
500 3696 610 3748 aliunde
630 3706 741 3818 οοεοριο
754 3697 883 3749 mandato
903 3698 1055 3751 convenire.
1082 3714 1151 3768 quos
1172 3698 1220 3767 qui
1240 3714 1275 3767 ex
1291 3698 1336 3750 di-

241 3768 326 3817 versis
344 3768 451 3836 imperii
467 3768 578 3819 Romani
590 3769 692 3836 regioni
714 3785 744 3819 us
766 3767 903 3820 confluere
926 3777 1083 3833 cernerent,
1113 3769 1267 3820 universum
1287 3786 1336 3820 ex·

242 3838 357 3889 ercitum
375 3840 452 3905 quesi
471 3839 506 3889 de
533 3839 683 3908 composito
700 3838 796 3890 urbem
814 3848 908 3909 petere
934 3840 1051 3909 opinari,
1069 3839 1128 3890 τοῖο
1145 3840 1235 3907 specie
1253 3838 1334 3890 indu-

242 3916 308 3959 ctos.
333 3916 428 3960 contre
452 3908 521 3962 haee
546 3910 613 3963 lieet
640 3909 744 3962 Borilus
765 3911 852 3963 multa
884 3908 1048 3981 disputaret,
1069 3910 1222 3979 praevaluit
1242 3918 1335 3962 tomen

242 3977 332 4055 Aiexii
358 3980 518 4045 auctoritas,
545 3981 594 4051 qui
618 3980 746 4033 omnibus
777 3982 919 4033 sententiis
945 3980 1145 4034 obsolvebotur.
1182 3980 1335 4031 Germanus

242 4058 339 4101 nature
358 4048 505 4117 simplicior
525 4052 689 4105 minuetum
709 4052 837 4104 Alexium
863 4052 1009 4106 lacessivit
1036 4052 1120 4119 igitur
1136 4068 1198 4102 eum
1214 4068 1249 4102 ne
1268 4050 1336 4101 hoen

243 4121 355 4189 quidem
373 4118 478 4171 deletio
499 4122 616 4173 onimnnr
641 4123 810 4191 imperatoris
831 4126 1033 4187 commovisset,
1052 4122 1194 4173 occasione
1212 4138 1243 4171 ec
1263 4120 1335 4172 fidu·

244 4192 286 4244 cio
303 4199 426 4262 arrepta,
452 4191 523 4262 (erat
549 4204 639 4246 nutem
667 4196 809 4267 vespera‚)
834 4194 945 4249 insidias
973 4194 1120 4249 Comnenis
1149 4200 1264 4246 struunt.
1293 4200 1334 4245 est
