<?xml version="1.0" encoding="UTF-8"?>
<!DOCTYPE html PUBLIC "-//W3C//DTD XHTML 1.0 Transitional//EN"
    "http://www.w3.org/TR/xhtml1/DTD/xhtml1-transitional.dtd">
<html xmlns="http://www.w3.org/1999/xhtml" xml:lang="en" lang="en">
 <head>
  <title>
</title>
<meta http-equiv="Content-Type" content="text/html;charset=utf-8" />
  <meta name='ocr-system' content='tesseract 3.04.00' />
  <meta name='ocr-capabilities' content='ocr_page ocr_carea ocr_par ocr_line ocrx_word'/>
</head>
<body>
  <div class='ocr_page' id='page_1' title='image "./corpusscriptoru63theogoog/corpusscriptoru63theogoog_0482.png"; bbox 0 0 3042 4909; ppageno 0'>
   <div class='ocr_carea' id='block_1_1' title="bbox 299 199 1032 300">
    <p class='ocr_par' dir='ltr' id='par_1_1' title="bbox 299 199 1032 300">
     <span class='ocr_line' id='line_1_1' title="bbox 299 199 1032 300; baseline -0.003 -18"><span class='ocrx_word' id='word_1_1' title='bbox 299 199 385 300; x_wconf 69' lang='lat' dir='ltr'><strong>tat</strong></span> <span class='ocrx_word' id='word_1_2' title='bbox 639 217 777 282; x_wconf 79' lang='lat' dir='ltr'><strong>suuis</strong></span> <span class='ocrx_word' id='word_1_3' title='bbox 811 215 1032 282; x_wconf 76' lang='lat' dir='ltr'><strong>commas</strong></span> 
     </span>
    </p>
   </div>
   <div class='ocr_carea' id='block_1_2' title="bbox 221 359 1509 2534">
    <p class='ocr_par' dir='ltr' id='par_1_2' title="bbox 221 359 1509 2534">
     <span class='ocr_line' id='line_1_2' title="bbox 300 359 1395 448; baseline -0.009 -8"><span class='ocrx_word' id='word_1_4' title='bbox 300 375 407 440; x_wconf 76' lang='grc' dir='ltr'><strong><em>ἐδίδου</em></strong></span> <span class='ocrx_word' id='word_1_5' title='bbox 429 370 522 434; x_wconf 80' lang='grc' dir='ltr'><strong><em>τοῦτο</em></strong></span> <span class='ocrx_word' id='word_1_6' title='bbox 548 367 583 441; x_wconf 70' lang='lat' dir='ltr'><strong>tc</strong></span> <span class='ocrx_word' id='word_1_7' title='bbox 615 365 668 430; x_wconf 83' lang='grc' dir='ltr'><strong><em>οἶεί</em></strong></span> <span class='ocrx_word' id='word_1_8' title='bbox 696 365 715 430; x_wconf 88' lang='grc' dir='ltr'><strong><em>ό</em></strong></span> <span class='ocrx_word' id='word_1_9' title='bbox 747 367 843 442; x_wconf 81' lang='grc' dir='ltr'><strong><em>τόπος</em></strong></span> <span class='ocrx_word' id='word_1_10' title='bbox 871 364 1018 448; x_wconf 82' lang='grc' dir='ltr'><strong><em>όχθιόδης</em></strong></span> <span class='ocrx_word' id='word_1_11' title='bbox 1039 385 1072 430; x_wconf 83' lang='grc' dir='ltr'><strong>τι</strong></span> <span class='ocrx_word' id='word_1_12' title='bbox 1100 363 1157 428; x_wconf 79' lang='grc' dir='ltr'><strong><em>καί</em></strong></span> <span class='ocrx_word' id='word_1_13' title='bbox 1175 359 1395 448; x_wconf 72' lang='grc' dir='ltr'><strong><em>χαραδρώδης</em></strong></span> 
     </span>
     <span class='ocr_line' id='line_1_3' title="bbox 300 457 1392 550; baseline -0.009 -14"><span class='ocrx_word' id='word_1_14' title='bbox 300 467 345 536; x_wconf 83' lang='grc' dir='ltr'><strong>τόν</strong></span> <span class='ocrx_word' id='word_1_15' title='bbox 365 472 420 534; x_wconf 87' lang='grc' dir='ltr'><strong><em>καί</em></strong></span> <span class='ocrx_word' id='word_1_16' title='bbox 438 462 618 550; x_wconf 73' lang='grc' dir='ltr'><strong><em>συνηρεφὴς</em></strong></span> <span class='ocrx_word' id='word_1_17' title='bbox 650 465 705 530; x_wconf 84' lang='grc' dir='ltr'><strong><em>καί</em></strong></span> <span class='ocrx_word' id='word_1_18' title='bbox 732 467 849 548; x_wconf 81' lang='grc' dir='ltr'><strong><em>μικροό</em></strong></span> <span class='ocrx_word' id='word_1_19' title='bbox 871 457 989 546; x_wconf 76' lang='grc' dir='ltr'><strong><em>ἄβατος</em></strong></span> <span class='ocrx_word' id='word_1_20' title='bbox 998 469 1023 549; x_wconf 87' lang='grc'><strong>,)</strong></span> <span class='ocrx_word' id='word_1_21' title='bbox 1056 460 1138 528; x_wconf 72' lang='grc' dir='ltr'><strong><em>ἄλλό</em></strong></span> <span class='ocrx_word' id='word_1_22' title='bbox 1163 465 1241 547; x_wconf 81' lang='grc' dir='ltr'><strong><em>πεζῇ</em></strong></span> <span class='ocrx_word' id='word_1_23' title='bbox 1262 459 1392 528; x_wconf 76' lang='grc' dir='ltr'><strong><em>ἅπαντα</em></strong></span> 
     </span>
     <span class='ocr_line' id='line_1_4' title="bbox 302 559 1390 651; baseline -0.008 -17"><span class='ocrx_word' id='word_1_24' title='bbox 302 565 504 651; x_wconf 80' lang='grc' dir='ltr'><strong><em>διερχόμενος</em></strong></span> <span class='ocrx_word' id='word_1_25' title='bbox 524 567 580 628; x_wconf 86' lang='grc' dir='ltr'><strong><em>καί</em></strong></span> <span class='ocrx_word' id='word_1_26' title='bbox 598 567 938 647; x_wconf 76' lang='grc' dir='ltr'><strong><em>οἰκειοιςπτριαρθροόν</em></strong></span> <span class='ocrx_word' id='word_1_27' title='bbox 957 562 1157 649; x_wconf 72' lang='grc' dir='ltr'><strong><em>ὀφθαλμοῖς,</em></strong></span> <span class='ocrx_word' id='word_1_28' title='bbox 1181 559 1226 644; x_wconf 75' lang='grc' dir='ltr'><strong><em>μὴ</em></strong></span> <span class='ocrx_word' id='word_1_29' title='bbox 1249 563 1390 648; x_wconf 82' lang='grc' dir='ltr'><strong><em>διαλόθη</em></strong></span> 
     </span>
     <span class='ocr_line' id='line_1_5' title="bbox 301 639 1392 753; baseline -0.011 -19"><span class='ocrx_word' id='word_1_30' title='bbox 301 695 333 735; x_wconf 92' lang='grc' dir='ltr'><strong>τι</strong></span> <span class='ocrx_word' id='word_1_31' title='bbox 351 662 545 753; x_wconf 84' lang='grc' dir='ltr'><strong><em>όφόλαιιτον,</em></strong></span> <span class='ocrx_word' id='word_1_32' title='bbox 566 667 607 726; x_wconf 90' lang='grc' dir='ltr'><strong><em>δι’</em></strong></span> <span class='ocrx_word' id='word_1_33' title='bbox 629 656 670 726; x_wconf 79' lang='lat' dir='ltr'><strong>od</strong></span> <span class='ocrx_word' id='word_1_34' title='bbox 689 663 787 750; x_wconf 72' lang='grc' dir='ltr'><strong><em>ῥᾳδία</em></strong></span> <span class='ocrx_word' id='word_1_35' title='bbox 806 671 872 739; x_wconf 83' lang='grc' dir='ltr'><strong><em>τοῖς</em></strong></span> <span class='ocrx_word' id='word_1_36' title='bbox 894 639 1055 743; x_wconf 68' lang='grc' dir='ltr'><strong><em>πολεμίοιδ</em></strong></span> <span class='ocrx_word' id='word_1_37' title='bbox 1073 655 1261 744; x_wconf 80' lang='grc' dir='ltr'><strong><em>πολλόκιςῆ</em></strong></span> <span class='ocrx_word' id='word_1_38' title='bbox 1284 661 1392 736; x_wconf 87' lang='grc' dir='ltr'><strong><em>δίοδος</em></strong></span> 
     </span>
     <span class='ocr_line' id='line_1_6' title="bbox 303 751 1419 851; baseline -0.007 -19"><span class='ocrx_word' id='word_1_39' title='bbox 303 771 437 851; x_wconf 82' lang='grc' dir='ltr'><strong><em>γένηται,</em></strong></span> <span class='ocrx_word' id='word_1_40' title='bbox 457 766 513 828; x_wconf 84' lang='grc' dir='ltr'><strong><em>καί</em></strong></span> <span class='ocrx_word' id='word_1_41' title='bbox 533 755 571 826; x_wconf 75' lang='grc' dir='ltr'><strong>οὗ</strong></span> <span class='ocrx_word' id='word_1_42' title='bbox 589 766 648 846; x_wconf 82' lang='grc' dir='ltr'><strong>μὲν</strong></span> <span class='ocrx_word' id='word_1_43' title='bbox 669 761 830 844; x_wconf 85' lang='grc' dir='ltr'><strong><em>δτιόρυχας</em></strong></span> <span class='ocrx_word' id='word_1_44' title='bbox 849 761 1024 845; x_wconf 76' lang='grc' dir='ltr'><strong><em>ἐπιτρέπων</em></strong></span> <span class='ocrx_word' id='word_1_45' title='bbox 1043 763 1201 844; x_wconf 77' lang='grc' dir='ltr'><strong><em>γενέσθαι,</em></strong></span> <span class='ocrx_word' id='word_1_46' title='bbox 1219 751 1258 824; x_wconf 74' lang='lat' dir='ltr'><strong>od</strong></span> <span class='ocrx_word' id='word_1_47' title='bbox 1279 761 1316 824; x_wconf 75' lang='grc' dir='ltr'><strong>δὲ</strong></span> <span class='ocrx_word' id='word_1_48' title='bbox 1335 763 1394 823; x_wconf 81' lang='grc' dir='ltr'><strong><em>καί</em></strong></span> <span class='ocrx_word' id='word_1_49' title='bbox 1398 762 1419 824; x_wconf 82' lang='lat'>5</span> 
     </span>
     <span class='ocr_line' id='line_1_7' title="bbox 277 853 1391 946; baseline -0.009 -18"><span class='ocrx_word' id='word_1_50' title='bbox 277 868 449 946; x_wconf 82' lang='grc' dir='ltr'><strong><em>Βξυλίνους</em></strong></span> <span class='ocrx_word' id='word_1_51' title='bbox 472 864 766 944; x_wconf 71' lang='grc' dir='ltr'><strong><em>κατασκευασθῆναι</em></strong></span> <span class='ocrx_word' id='word_1_52' title='bbox 786 859 925 944; x_wconf 87' lang='grc' dir='ltr'><strong><em>πόργους</em></strong></span> <span class='ocrx_word' id='word_1_53' title='bbox 952 859 1007 924; x_wconf 81' lang='grc' dir='ltr'><strong><em>καί</em></strong></span> <span class='ocrx_word' id='word_1_54' title='bbox 1026 861 1181 944; x_wconf 83' lang='grc' dir='ltr'><strong><em>πολίχνια,</em></strong></span> <span class='ocrx_word' id='word_1_55' title='bbox 1200 855 1280 923; x_wconf 80' lang='grc' dir='ltr'><strong><em>ἔνθα</em></strong></span> <span class='ocrx_word' id='word_1_56' title='bbox 1301 853 1319 920; x_wconf 86' lang='grc' dir='ltr'><strong><em>ό</em></strong></span> <span class='ocrx_word' id='word_1_57' title='bbox 1338 857 1391 921; x_wconf 91' lang='grc' dir='ltr'><strong><em>τό.</em></strong></span> 
     </span>
     <span class='ocr_line' id='line_1_8' title="bbox 305 951 1390 1046; baseline -0.01 -15"><span class='ocrx_word' id='word_1_58' title='bbox 305 988 365 1040; x_wconf 90' lang='grc' dir='ltr'><strong><em>πος</em></strong></span> <span class='ocrx_word' id='word_1_59' title='bbox 384 972 535 1046; x_wconf 81' lang='grc' dir='ltr'><strong><em>παρεῖχε,</em></strong></span> <span class='ocrx_word' id='word_1_60' title='bbox 557 964 706 1044; x_wconf 74' lang='grc' dir='ltr'><strong><em>γενέσθαι</em></strong></span> <span class='ocrx_word' id='word_1_61' title='bbox 739 957 793 1024; x_wconf 84' lang='grc' dir='ltr'><strong><em>διό</em></strong></span> <span class='ocrx_word' id='word_1_62' title='bbox 824 962 963 1024; x_wconf 78' lang='grc' dir='ltr'><strong><em>πλίνθων</em></strong></span> <span class='ocrx_word' id='word_1_63' title='bbox 989 951 1011 1043; x_wconf 80' lang='grc' dir='ltr'><em>ἢ</em></span> <span class='ocrx_word' id='word_1_64' title='bbox 1041 957 1141 1023; x_wconf 89' lang='grc' dir='ltr'><strong><em>λίθων</em></strong></span> <span class='ocrx_word' id='word_1_65' title='bbox 1160 959 1326 1038; x_wconf 80' lang='grc' dir='ltr'><strong><em>ἐπέταττε,</em></strong></span> <span class='ocrx_word' id='word_1_66' title='bbox 1347 953 1390 1020; x_wconf 86' lang='grc' dir='ltr'><strong><em>τό</em></strong></span> 
     </span>
     <span class='ocr_line' id='line_1_9' title="bbox 307 1054 1393 1144; baseline -0.01 -15"><span class='ocrx_word' id='word_1_67' title='bbox 307 1067 362 1129; x_wconf 70' lang='grc' dir='ltr'><strong>ἀπ’</strong></span> <span class='ocrx_word' id='word_1_68' title='bbox 405 1063 550 1144; x_wconf 83' lang='grc' dir='ltr'><strong><em>οἷλλήλων</em></strong></span> <span class='ocrx_word' id='word_1_69' title='bbox 588 1058 785 1143; x_wconf 63' lang='grc' dir='ltr'><strong><em>διαστήματα</em></strong></span> <span class='ocrx_word' id='word_1_70' title='bbox 822 1061 876 1124; x_wconf 84' lang='grc' dir='ltr'><strong><em>καί</em></strong></span> <span class='ocrx_word' id='word_1_71' title='bbox 910 1057 951 1122; x_wconf 84' lang='grc' dir='ltr'><strong><em>τό</em></strong></span> <span class='ocrx_word' id='word_1_72' title='bbox 993 1061 1112 1140; x_wconf 84' lang='grc' dir='ltr'><strong><em>μεγέθη</em></strong></span> <span class='ocrx_word' id='word_1_73' title='bbox 1149 1054 1245 1130; x_wconf 85' lang='grc' dir='ltr'><strong><em>αότός</em></strong></span> <span class='ocrx_word' id='word_1_74' title='bbox 1283 1059 1393 1137; x_wconf 83' lang='grc' dir='ltr'><strong><em>διαμε-</em></strong></span> 
     </span>
     <span class='ocr_line' id='line_1_10' title="bbox 306 1150 1391 1248; baseline -0.008 -21"><span class='ocrx_word' id='word_1_75' title='bbox 306 1166 412 1248; x_wconf 81' lang='grc' dir='ltr'><strong><em>τρῶν·</em></strong></span> <span class='ocrx_word' id='word_1_76' title='bbox 464 1157 533 1226; x_wconf 77' lang='grc' dir='ltr'><strong><em>ἔστι</em></strong></span> <span class='ocrx_word' id='word_1_77' title='bbox 561 1161 589 1223; x_wconf 83' lang='grc' dir='ltr'><strong>δ’</strong></span> <span class='ocrx_word' id='word_1_78' title='bbox 610 1150 659 1232; x_wconf 73' lang='lat' dir='ltr'><strong>[od</strong></span> <span class='ocrx_word' id='word_1_79' title='bbox 689 1162 744 1223; x_wconf 84' lang='grc' dir='ltr'><strong><em>καί</em></strong></span> <span class='ocrx_word' id='word_1_80' title='bbox 773 1153 974 1240; x_wconf 79' lang='grc' dir='ltr'><strong><em>οόρανομήιιη</em></strong></span> <span class='ocrx_word' id='word_1_81' title='bbox 1001 1157 1116 1239; x_wconf 75' lang='grc' dir='ltr'><strong><em>δένδρα</em></strong></span> <span class='ocrx_word' id='word_1_82' title='bbox 1145 1153 1391 1240; x_wconf 73' lang='grc' dir='ltr'><strong><em>ῥιζοτομηθόντιι</em></strong></span> 
     </span>
     <span class='ocr_line' id='line_1_11' title="bbox 308 1245 1441 1344; baseline -0.011 -18"><span class='ocrx_word' id='word_1_83' title='bbox 308 1263 517 1344; x_wconf 71' lang='grc' dir='ltr'><strong><em>κατατεθῆναι</em></strong></span> <span class='ocrx_word' id='word_1_84' title='bbox 537 1261 583 1334; x_wconf 80' lang='grc' dir='ltr'><strong><em>εἷς</em></strong></span> <span class='ocrx_word' id='word_1_85' title='bbox 601 1254 637 1321; x_wconf 89' lang='grc' dir='ltr'><strong><em>τό</em></strong></span> <span class='ocrx_word' id='word_1_86' title='bbox 659 1253 778 1344; x_wconf 77' lang='grc' dir='ltr'><strong><em>ἔδαφος</em></strong></span> <span class='ocrx_word' id='word_1_87' title='bbox 803 1245 976 1332; x_wconf 74' lang='grc' dir='ltr'><strong><em>διετάξατο.</em></strong></span> <span class='ocrx_word' id='word_1_88' title='bbox 998 1249 1156 1334; x_wconf 18' lang='lat' dir='ltr'><strong>sut-uim</strong></span> <span class='ocrx_word' id='word_1_89' title='bbox 1179 1250 1236 1328; x_wconf 86' lang='grc' dir='ltr'><strong>τός</strong></span> <span class='ocrx_word' id='word_1_90' title='bbox 1255 1257 1316 1317; x_wconf 76' lang='grc' dir='ltr'><strong>τῶν</strong></span> <span class='ocrx_word' id='word_1_91' title='bbox 1334 1275 1441 1324; x_wconf 78' lang='lat' dir='ltr'><strong>rso-10</strong></span> 
     </span>
     <span class='ocr_line' id='line_1_12' title="bbox 309 1349 1392 1443; baseline -0.008 -19"><span class='ocrx_word' id='word_1_92' title='bbox 309 1365 426 1443; x_wconf 87' lang='grc' dir='ltr'><strong><em>λεμίων</em></strong></span> <span class='ocrx_word' id='word_1_93' title='bbox 454 1357 580 1433; x_wconf 82' lang='grc' dir='ltr'><strong><em>διόδους</em></strong></span> <span class='ocrx_word' id='word_1_94' title='bbox 609 1352 872 1442; x_wconf 83' lang='grc' dir='ltr'><strong><em>οίποταφριόσας,</em></strong></span> <span class='ocrx_word' id='word_1_95' title='bbox 898 1353 1039 1418; x_wconf 79' lang='grc' dir='ltr'><strong><em>όπόνεισι</em></strong></span> <span class='ocrx_word' id='word_1_96' title='bbox 1063 1352 1141 1437; x_wconf 91' lang='grc' dir='ltr'><strong><em>πρός</em></strong></span> <span class='ocrx_word' id='word_1_97' title='bbox 1160 1351 1216 1436; x_wconf 80' lang='grc' dir='ltr'><strong>τὴν</strong></span> <span class='ocrx_word' id='word_1_98' title='bbox 1236 1349 1392 1434; x_wconf 90' lang='grc' dir='ltr'><strong><em>μεγαλοό-</em></strong></span> 
     </span>
     <span class='ocr_line' id='line_1_13' title="bbox 261 1448 1393 1542; baseline -0.008 -19"><span class='ocrx_word' id='word_1_99' title='bbox 261 1452 266 1465; x_wconf 57' lang='grc'><strong>“</strong></span> <span class='ocrx_word' id='word_1_100' title='bbox 309 1465 410 1523; x_wconf 88' lang='grc' dir='ltr'><strong><em>πολιν.</em></strong></span> <span class='ocrx_word' id='word_1_101' title='bbox 431 1459 499 1521; x_wconf 75' lang='grc' dir='ltr'><strong><em>ἀλλ’</em></strong></span> <span class='ocrx_word' id='word_1_102' title='bbox 522 1455 539 1519; x_wconf 89' lang='grc' dir='ltr'><strong><em>ό</em></strong></span> <span class='ocrx_word' id='word_1_103' title='bbox 558 1458 617 1538; x_wconf 79' lang='grc' dir='ltr'><strong>μὲν</strong></span> <span class='ocrx_word' id='word_1_104' title='bbox 640 1453 728 1537; x_wconf 88' lang='grc' dir='ltr'><strong><em>λόγος</em></strong></span> <span class='ocrx_word' id='word_1_105' title='bbox 747 1455 862 1542; x_wconf 77' lang='grc' dir='ltr'><strong><em>ῥᾳδίαν</em></strong></span> <span class='ocrx_word' id='word_1_106' title='bbox 883 1451 958 1529; x_wconf 79' lang='grc' dir='ltr'><strong><em>ἴσως</em></strong></span> <span class='ocrx_word' id='word_1_107' title='bbox 971 1451 1027 1536; x_wconf 77' lang='grc' dir='ltr'><strong>την</strong></span> <span class='ocrx_word' id='word_1_108' title='bbox 1045 1448 1192 1537; x_wconf 87' lang='grc' dir='ltr'><strong><em>τοιαότην</em></strong></span> <span class='ocrx_word' id='word_1_109' title='bbox 1215 1453 1393 1532; x_wconf 86' lang='grc' dir='ltr'><strong><em>οἰκονομίαν</em></strong></span> 
     </span>
     <span class='ocr_line' id='line_1_14' title="bbox 311 1549 1393 1641; baseline -0.011 -17"><span class='ocrx_word' id='word_1_110' title='bbox 311 1566 375 1634; x_wconf 71' lang='grc' dir='ltr'><strong><em>τοῖς</em></strong></span> <span class='ocrx_word' id='word_1_111' title='bbox 395 1550 568 1641; x_wconf 84' lang='grc' dir='ltr'><strong><em>οἷκροαταῖς</em></strong></span> <span class='ocrx_word' id='word_1_112' title='bbox 590 1557 794 1639; x_wconf 81' lang='grc' dir='ltr'><strong><em>παρίστησιν·</em></strong></span> <span class='ocrx_word' id='word_1_113' title='bbox 849 1549 963 1617; x_wconf 88' lang='grc' dir='ltr'><strong><em>όιτόσον</em></strong></span> <span class='ocrx_word' id='word_1_114' title='bbox 986 1555 1022 1616; x_wconf 81' lang='grc' dir='ltr'><strong>δὲ</strong></span> <span class='ocrx_word' id='word_1_115' title='bbox 1042 1550 1098 1616; x_wconf 88' lang='grc' dir='ltr'><strong>τόν</strong></span> <span class='ocrx_word' id='word_1_116' title='bbox 1119 1549 1239 1634; x_wconf 77' lang='grc' dir='ltr'><strong><em>ἱδρῶτα</em></strong></span> <span class='ocrx_word' id='word_1_117' title='bbox 1263 1549 1279 1614; x_wconf 87' lang='grc' dir='ltr'><strong><em>ό</em></strong></span> <span class='ocrx_word' id='word_1_118' title='bbox 1302 1552 1393 1614; x_wconf 80' lang='lat' dir='ltr'><strong>udro-</strong></span> 
     </span>
     <span class='ocr_line' id='line_1_15' title="bbox 284 1648 1393 1742; baseline -0.007 -20"><span class='ocrx_word' id='word_1_119' title='bbox 284 1653 438 1740; x_wconf 78' lang='grc' dir='ltr'><strong><em>οιρότωρ</em></strong></span> <span class='ocrx_word' id='word_1_120' title='bbox 462 1657 507 1742; x_wconf 77' lang='grc' dir='ltr'><strong><em>τῷ</em></strong></span> <span class='ocrx_word' id='word_1_121' title='bbox 527 1651 596 1719; x_wconf 84' lang='grc' dir='ltr'><strong><em>τότε</em></strong></span> <span class='ocrx_word' id='word_1_122' title='bbox 617 1649 748 1736; x_wconf 83' lang='grc' dir='ltr'><strong><em>όπίστη,</em></strong></span> <span class='ocrx_word' id='word_1_123' title='bbox 768 1657 967 1740; x_wconf 80' lang='grc' dir='ltr'><strong><em>μαρτυροῦσι</em></strong></span> <span class='ocrx_word' id='word_1_124' title='bbox 987 1653 1098 1716; x_wconf 88' lang='grc' dir='ltr'><strong><em>πολλοί</em></strong></span> <span class='ocrx_word' id='word_1_125' title='bbox 1110 1655 1171 1716; x_wconf 71' lang='grc' dir='ltr'><strong><em>τοῖν</em></strong></span> <span class='ocrx_word' id='word_1_126' title='bbox 1190 1648 1257 1716; x_wconf 84' lang='grc' dir='ltr'><strong><em>τότε</em></strong></span> <span class='ocrx_word' id='word_1_127' title='bbox 1275 1650 1393 1730; x_wconf 85' lang='grc' dir='ltr'><strong><em>παρόν-</em></strong></span> 
     </span>
     <span class='ocr_line' id='line_1_16' title="bbox 312 1746 1442 1848; baseline -0.004 -26"><span class='ocrx_word' id='word_1_128' title='bbox 312 1780 376 1822; x_wconf 89' lang='grc' dir='ltr'><strong>των</strong></span> <span class='ocrx_word' id='word_1_129' title='bbox 397 1753 451 1818; x_wconf 87' lang='grc' dir='ltr'><strong><em>καί</em></strong></span> <span class='ocrx_word' id='word_1_130' title='bbox 470 1756 516 1828; x_wconf 82' lang='grc' dir='ltr'><strong><em>εἰς</em></strong></span> <span class='ocrx_word' id='word_1_131' title='bbox 535 1750 583 1817; x_wconf 78' lang='grc' dir='ltr'><strong>ἔτι</strong></span> <span class='ocrx_word' id='word_1_132' title='bbox 603 1754 660 1816; x_wconf 80' lang='grc' dir='ltr'><strong><em>καί</em></strong></span> <span class='ocrx_word' id='word_1_133' title='bbox 682 1755 739 1818; x_wconf 77' lang='grc' dir='ltr'><strong>νῦν</strong></span> <span class='ocrx_word' id='word_1_134' title='bbox 762 1751 945 1837; x_wconf 84' lang='grc' dir='ltr'><strong><em>περιόντων.</em></strong></span> <span class='ocrx_word' id='word_1_135' title='bbox 989 1753 1055 1848; x_wconf 76' lang='grc' dir='ltr'><strong><em>αλλ’</em></strong></span> <span class='ocrx_word' id='word_1_136' title='bbox 1076 1749 1115 1814; x_wconf 87' lang='grc' dir='ltr'><strong>οό</strong></span> <span class='ocrx_word' id='word_1_137' title='bbox 1138 1746 1236 1828; x_wconf 84' lang='grc' dir='ltr'><strong><em>πολός</em></strong></span> <span class='ocrx_word' id='word_1_138' title='bbox 1256 1755 1391 1833; x_wconf 84' lang='grc' dir='ltr'><strong><em>παρελη-</em></strong></span> <span class='ocrx_word' id='word_1_139' title='bbox 1404 1757 1442 1819; x_wconf 82' lang='grc'><strong>15</strong></span> 
     </span>
     <span class='ocr_line' id='line_1_17' title="bbox 312 1849 1395 1938; baseline -0.005 -19"><span class='ocrx_word' id='word_1_140' title='bbox 312 1855 407 1919; x_wconf 85' lang='grc' dir='ltr'><strong><em>λόθει</em></strong></span> <span class='ocrx_word' id='word_1_141' title='bbox 435 1853 555 1936; x_wconf 85' lang='grc' dir='ltr'><strong><em>καιρός,</em></strong></span> <span class='ocrx_word' id='word_1_142' title='bbox 588 1854 645 1917; x_wconf 79' lang='grc' dir='ltr'><strong><em>καί</em></strong></span> <span class='ocrx_word' id='word_1_143' title='bbox 674 1851 712 1917; x_wconf 82' lang='grc' dir='ltr'><strong><em>τό</em></strong></span> <span class='ocrx_word' id='word_1_144' title='bbox 733 1850 814 1916; x_wconf 84' lang='grc' dir='ltr'><strong><em>κατό</em></strong></span> <span class='ocrx_word' id='word_1_145' title='bbox 835 1849 891 1916; x_wconf 90' lang='grc' dir='ltr'><strong>τόν</strong></span> <span class='ocrx_word' id='word_1_146' title='bbox 914 1853 1041 1934; x_wconf 79' lang='grc' dir='ltr'><strong><em>Τζαχιῖν</em></strong></span> <span class='ocrx_word' id='word_1_147' title='bbox 1069 1853 1287 1935; x_wconf 69' lang='grc' dir='ltr'><strong><em>ἀκριβέστερον</em></strong></span> <span class='ocrx_word' id='word_1_148' title='bbox 1308 1852 1395 1938; x_wconf 73' lang='grc' dir='ltr'><strong><em>αότιηῖ</em></strong></span> 
     </span>
     <span class='ocr_line' id='line_1_18' title="bbox 312 1945 1509 2040; baseline -0.005 -24"><span class='ocrx_word' id='word_1_149' title='bbox 312 1954 533 2036; x_wconf 74' lang='grc' dir='ltr'><strong><em>ἐπηγγέλλετο,</em></strong></span> <span class='ocrx_word' id='word_1_150' title='bbox 565 1947 608 2026; x_wconf 76' lang='grc' dir='ltr'><strong><em>ὥς</em></strong></span> <span class='ocrx_word' id='word_1_151' title='bbox 638 1951 731 2014; x_wconf 82' lang='grc' dir='ltr'><strong><em>ου’δὲν</em></strong></span> <span class='ocrx_word' id='word_1_152' title='bbox 766 1953 828 2014; x_wconf 73' lang='grc' dir='ltr'><strong><em>ταῖν</em></strong></span> <span class='ocrx_word' id='word_1_153' title='bbox 849 1948 1036 2032; x_wconf 77' lang='grc' dir='ltr'><strong><em>συμβάντων</em></strong></span> <span class='ocrx_word' id='word_1_154' title='bbox 1066 1949 1151 2038; x_wconf 69' lang='lat' dir='ltr'><strong>crispi</strong></span> <span class='ocrx_word' id='word_1_155' title='bbox 1178 1947 1313 2014; x_wconf 80' lang='grc' dir='ltr'><strong><em>κατότι</em></strong></span> <span class='ocrx_word' id='word_1_156' title='bbox 1340 1945 1395 2030; x_wconf 75' lang='grc' dir='ltr'><strong>την</strong></span> <span class='ocrx_word' id='word_1_157' title='bbox 1508 1999 1509 2040; x_wconf 76' lang='grc'><strong><em>,</em></strong></span> 
     </span>
     <span class='ocr_line' id='line_1_19' title="bbox 311 2039 1509 2134; baseline -0.005 -19"><span class='ocrx_word' id='word_1_158' title='bbox 311 2053 471 2116; x_wconf 79' lang='grc' dir='ltr'><strong><em>θάλατταν</em></strong></span> <span class='ocrx_word' id='word_1_159' title='bbox 491 2047 622 2134; x_wconf 76' lang='grc' dir='ltr'><strong><em>κοίτην</em></strong></span> <span class='ocrx_word' id='word_1_160' title='bbox 646 2039 776 2133; x_wconf 68' lang='grc' dir='ltr'><strong><em>ἤπειρον</em></strong></span> <span class='ocrx_word' id='word_1_161' title='bbox 799 2051 855 2134; x_wconf 75' lang='grc' dir='ltr'><strong>τῆς</strong></span> <span class='ocrx_word' id='word_1_162' title='bbox 885 2047 1038 2134; x_wconf 85' lang='grc' dir='ltr'><strong><em>πρότερον</em></strong></span> <span class='ocrx_word' id='word_1_163' title='bbox 1060 2049 1185 2132; x_wconf 79' lang='grc' dir='ltr'><strong><em>γνώμης</em></strong></span> <span class='ocrx_word' id='word_1_164' title='bbox 1203 2047 1394 2130; x_wconf 72' lang='grc' dir='ltr'><strong><em>ἀπέστησαν,</em></strong></span> <span class='ocrx_word' id='word_1_165' title='bbox 1507 2041 1509 2074; x_wconf 59' lang='lat'>²</span> 
     </span>
     <span class='ocr_line' id='line_1_20' title="bbox 313 2146 1395 2233; baseline -0.006 -20"><span class='ocrx_word' id='word_1_166' title='bbox 313 2148 395 2213; x_wconf 86' lang='grc' dir='ltr'><strong><em>όλλό</em></strong></span> <span class='ocrx_word' id='word_1_167' title='bbox 429 2157 495 2225; x_wconf 81' lang='grc' dir='ltr'><strong><em>τοῖς</em></strong></span> <span class='ocrx_word' id='word_1_168' title='bbox 514 2146 708 2233; x_wconf 69' lang='grc' dir='ltr'><strong><em>προσήκουσι</em></strong></span> <span class='ocrx_word' id='word_1_169' title='bbox 728 2150 897 2230; x_wconf 82' lang='grc' dir='ltr'><strong><em>βασιλεῦσι</em></strong></span> <span class='ocrx_word' id='word_1_170' title='bbox 913 2153 1034 2231; x_wconf 78' lang='grc' dir='ltr'><strong><em>χρᾶται</em></strong></span> <span class='ocrx_word' id='word_1_171' title='bbox 1064 2146 1282 2231; x_wconf 77' lang='grc' dir='ltr'><strong><em>παρασήμοις,</em></strong></span> <span class='ocrx_word' id='word_1_172' title='bbox 1304 2151 1395 2226; x_wconf 82' lang='grc' dir='ltr'><strong><em>βασι-</em></strong></span> 
     </span>
     <span class='ocr_line' id='line_1_21' title="bbox 221 2243 1445 2332; baseline -0.002 -20"><span class='ocrx_word' id='word_1_173' title='bbox 221 2309 224 2312; x_wconf 13' lang='grc' dir='ltr'><strong><em>ς</em></strong></span> <span class='ocrx_word' id='word_1_174' title='bbox 313 2250 372 2312; x_wconf 80' lang='grc' dir='ltr'><strong><em>λέα</em></strong></span> <span class='ocrx_word' id='word_1_175' title='bbox 391 2243 506 2312; x_wconf 76' lang='grc' dir='ltr'><strong><em>ἑαυτόν</em></strong></span> <span class='ocrx_word' id='word_1_176' title='bbox 528 2245 700 2329; x_wconf 82' lang='grc' dir='ltr'><strong><em>όνομόζων,</em></strong></span> <span class='ocrx_word' id='word_1_177' title='bbox 720 2244 777 2310; x_wconf 84' lang='grc' dir='ltr'><strong><em>καί</em></strong></span> <span class='ocrx_word' id='word_1_178' title='bbox 797 2246 852 2330; x_wconf 73' lang='grc' dir='ltr'><strong>τὴν</strong></span> <span class='ocrx_word' id='word_1_179' title='bbox 865 2244 1011 2332; x_wconf 76' lang='grc' dir='ltr'><strong><em>Σμύρνην</em></strong></span> <span class='ocrx_word' id='word_1_180' title='bbox 1033 2249 1126 2312; x_wconf 73' lang='grc' dir='ltr'><strong><em>οἰκῶν</em></strong></span> <span class='ocrx_word' id='word_1_181' title='bbox 1142 2245 1319 2329; x_wconf 84' lang='grc' dir='ltr'><strong><em>καθαπερεί</em></strong></span> <span class='ocrx_word' id='word_1_182' title='bbox 1338 2248 1445 2324; x_wconf 72' lang='lat' dir='ltr'><strong>iio-ao</strong></span> 
     </span>
     <span class='ocr_line' id='line_1_22' title="bbox 313 2335 1397 2434; baseline -0.005 -24"><span class='ocrx_word' id='word_1_183' title='bbox 313 2344 417 2410; x_wconf 86' lang='grc' dir='ltr'><strong><em>σιλειό</em></strong></span> <span class='ocrx_word' id='word_1_184' title='bbox 440 2370 531 2425; x_wconf 89' lang='grc' dir='ltr'><strong><em>τινα,</em></strong></span> <span class='ocrx_word' id='word_1_185' title='bbox 552 2343 661 2410; x_wconf 87' lang='grc' dir='ltr'><strong><em>στόλον</em></strong></span> <span class='ocrx_word' id='word_1_186' title='bbox 681 2346 880 2427; x_wconf 79' lang='grc' dir='ltr'><strong><em>ου’πρεπίζει,</em></strong></span> <span class='ocrx_word' id='word_1_187' title='bbox 911 2338 1009 2434; x_wconf 79' lang='grc' dir='ltr'><strong><em>ἑφ’ᾦ</em></strong></span> <span class='ocrx_word' id='word_1_188' title='bbox 1034 2343 1090 2420; x_wconf 86' lang='grc' dir='ltr'><strong>τός</strong></span> <span class='ocrx_word' id='word_1_189' title='bbox 1114 2369 1147 2410; x_wconf 86' lang='grc' dir='ltr'><strong>τι</strong></span> <span class='ocrx_word' id='word_1_190' title='bbox 1168 2343 1281 2428; x_wconf 69' lang='grc' dir='ltr'><strong><em>νόσους</em></strong></span> <span class='ocrx_word' id='word_1_191' title='bbox 1301 2335 1397 2416; x_wconf 74' lang='grc' dir='ltr'><strong><em>αὖθις</em></strong></span> 
     </span>
     <span class='ocr_line' id='line_1_23' title="bbox 301 2439 1397 2534; baseline -0.004 -27"><span class='ocrx_word' id='word_1_192' title='bbox 301 2439 503 2534; x_wconf 74' lang='grc' dir='ltr'><strong>Ιδῃιόοαοθαι</strong></span> <span class='ocrx_word' id='word_1_193' title='bbox 528 2444 583 2508; x_wconf 79' lang='grc' dir='ltr'><strong><em>καί</em></strong></span> <span class='ocrx_word' id='word_1_194' title='bbox 609 2447 706 2529; x_wconf 78' lang='grc' dir='ltr'><strong><em>μέχρι</em></strong></span> <span class='ocrx_word' id='word_1_195' title='bbox 724 2447 824 2509; x_wconf 71' lang='lat' dir='ltr'><strong>odiosi</strong></span> <span class='ocrx_word' id='word_1_196' title='bbox 856 2443 981 2530; x_wconf 80' lang='grc' dir='ltr'><strong><em>φθάσαι</em></strong></span> <span class='ocrx_word' id='word_1_197' title='bbox 1000 2445 1179 2525; x_wconf 84' lang='grc' dir='ltr'><strong><em>Βυζαντίου</em></strong></span> <span class='ocrx_word' id='word_1_198' title='bbox 1200 2443 1255 2508; x_wconf 76' lang='grc' dir='ltr'><strong><em>καί</em></strong></span> <span class='ocrx_word' id='word_1_199' title='bbox 1270 2443 1314 2520; x_wconf 89' lang='grc' dir='ltr'><strong><em>είς</em></strong></span> <span class='ocrx_word' id='word_1_200' title='bbox 1335 2443 1397 2504; x_wconf 74' lang='grc' dir='ltr'><strong><em>αι’.</em></strong></span> 
     </span>
    </p>
   </div>
   <div class='ocr_carea' id='block_1_3' title="bbox 383 2603 1399 2852">
    <p class='ocr_par' dir='ltr' id='par_1_3' title="bbox 383 2603 1399 2852">
     <span class='ocr_line' id='line_1_24' title="bbox 388 2603 1399 2711; baseline 0.001 -24"><span class='ocrx_word' id='word_1_201' title='bbox 388 2655 410 2687; x_wconf 88' lang='grc' dir='ltr'><strong><em>ι.</em></strong></span> <span class='ocrx_word' id='word_1_202' title='bbox 428 2651 457 2690; x_wconf 86' lang='grc' dir='ltr'><strong>τι</strong></span> <span class='ocrx_word' id='word_1_203' title='bbox 474 2653 528 2688; x_wconf 87' lang='lat' dir='ltr'><strong>om.</strong></span> <span class='ocrx_word' id='word_1_204' title='bbox 547 2603 600 2688; x_wconf 35' lang='lat' dir='ltr'><strong>G..</strong></span> <span class='ocrx_word' id='word_1_205' title='bbox 675 2638 700 2688; x_wconf 79' lang='lat'><strong>3.</strong></span> <span class='ocrx_word' id='word_1_206' title='bbox 721 2643 907 2711; x_wconf 75' lang='grc' dir='ltr'><strong><em>περιαρθρεῖν</em></strong></span> <span class='ocrx_word' id='word_1_207' title='bbox 925 2637 958 2688; x_wconf 88' lang='lat' dir='ltr'><strong>G.</strong></span> <span class='ocrx_word' id='word_1_208' title='bbox 982 2611 1042 2706; x_wconf 76' lang='lat' dir='ltr'><strong>iege</strong></span> <span class='ocrx_word' id='word_1_209' title='bbox 1059 2635 1235 2708; x_wconf 79' lang='grc' dir='ltr'><strong><em>περιιθριόν.</em></strong></span> <span class='ocrx_word' id='word_1_210' title='bbox 1323 2653 1350 2705; x_wconf 84' lang='grc'><strong>9.</strong></span> <span class='ocrx_word' id='word_1_211' title='bbox 1368 2633 1399 2688; x_wconf 76' lang='grc' dir='ltr'><strong>δὲ</strong></span> 
     </span>
     <span class='ocr_line' id='line_1_25' title="bbox 383 2707 1398 2782; baseline -0.003 -24"><span class='ocrx_word' id='word_1_212' title='bbox 383 2707 417 2758; x_wconf 87' lang='lat' dir='ltr'><strong>G.</strong></span> <span class='ocrx_word' id='word_1_213' title='bbox 510 2724 548 2758; x_wconf 89' lang='grc' dir='ltr'><strong><em>ιο.</em></strong></span> <span class='ocrx_word' id='word_1_214' title='bbox 568 2708 699 2779; x_wconf 77' lang='grc' dir='ltr'><strong><em>πολέμων</em></strong></span> <span class='ocrx_word' id='word_1_215' title='bbox 715 2707 748 2759; x_wconf 88' lang='lat' dir='ltr'><strong>G.</strong></span> <span class='ocrx_word' id='word_1_216' title='bbox 861 2727 900 2763; x_wconf 87' lang='grc' dir='ltr'><strong>ιι.</strong></span> <span class='ocrx_word' id='word_1_217' title='bbox 917 2708 976 2776; x_wconf 77' lang='lat' dir='ltr'><strong>lege</strong></span> <span class='ocrx_word' id='word_1_218' title='bbox 992 2709 1192 2782; x_wconf 78' lang='grc' dir='ltr'><strong><em>μεγαλόπολιν.</em></strong></span> <span class='ocrx_word' id='word_1_219' title='bbox 1282 2707 1320 2758; x_wconf 79' lang='lat'><strong>18.</strong></span> <span class='ocrx_word' id='word_1_220' title='bbox 1339 2707 1398 2773; x_wconf 73' lang='lat' dir='ltr'><strong>lege</strong></span> 
     </span>
     <span class='ocr_line' id='line_1_26' title="bbox 383 2774 865 2852; baseline 0.008 -23"><span class='ocrx_word' id='word_1_221' title='bbox 383 2774 546 2841; x_wconf 74' lang='grc' dir='ltr'><strong><em>διίστησιν.</em></strong></span> <span class='ocrx_word' id='word_1_222' title='bbox 648 2794 687 2846; x_wconf 85' lang='lat'><strong>¹9·</strong></span> <span class='ocrx_word' id='word_1_223' title='bbox 704 2778 812 2852; x_wconf 82' lang='grc' dir='ltr'><strong><em>χριόται</em></strong></span> <span class='ocrx_word' id='word_1_224' title='bbox 831 2779 865 2833; x_wconf 87' lang='lat' dir='ltr'><strong>G.</strong></span> 
     </span>
    </p>
   </div>
   <div class='ocr_carea' id='block_1_4' title="bbox 284 2939 1509 4149">
    <p class='ocr_par' dir='ltr' id='par_1_4' title="bbox 317 2939 1509 3022">
     <span class='ocr_line' id='line_1_27' title="bbox 317 2939 1509 3022; baseline 0.002 -26"><span class='ocrx_word' id='word_1_225' title='bbox 317 2944 392 3015; x_wconf 89' lang='lat' dir='ltr'><strong>quod</strong></span> <span class='ocrx_word' id='word_1_226' title='bbox 407 2946 487 3014; x_wconf 81' lang='lat' dir='ltr'><strong>vulgo</strong></span> <span class='ocrx_word' id='word_1_227' title='bbox 504 2955 612 3012; x_wconf 83' lang='lat' dir='ltr'><strong>vocant,</strong></span> <span class='ocrx_word' id='word_1_228' title='bbox 630 2965 685 3001; x_wconf 92' lang='lat' dir='ltr'><strong>non</strong></span> <span class='ocrx_word' id='word_1_229' title='bbox 700 2965 772 3018; x_wconf 91' lang='lat' dir='ltr'><strong>equo</strong></span> <span class='ocrx_word' id='word_1_230' title='bbox 790 2957 900 3014; x_wconf 81' lang='lat' dir='ltr'><strong>vectus,</strong></span> <span class='ocrx_word' id='word_1_231' title='bbox 918 2949 990 3022; x_wconf 88' lang='lat' dir='ltr'><strong>(nam</strong></span> <span class='ocrx_word' id='word_1_232' title='bbox 1010 2948 1037 3002; x_wconf 90' lang='lat' dir='ltr'><strong>id</strong></span> <span class='ocrx_word' id='word_1_233' title='bbox 1049 2965 1098 3018; x_wconf 89' lang='lat' dir='ltr'><strong>per</strong></span> <span class='ocrx_word' id='word_1_234' title='bbox 1117 2949 1206 3001; x_wconf 89' lang='lat' dir='ltr'><strong>locum</strong></span> <span class='ocrx_word' id='word_1_235' title='bbox 1225 2955 1398 3017; x_wconf 83' lang='lat' dir='ltr'><strong>praeruptum</strong></span> <span class='ocrx_word' id='word_1_236' title='bbox 1508 2939 1509 2952; x_wconf 51' lang='lat'>¹</span> 
     </span>
    </p>

    <p class='ocr_par' dir='ltr' id='par_1_5' title="bbox 317 3017 1398 3089">
     <span class='ocr_line' id='line_1_28' title="bbox 317 3017 1398 3089; baseline 0 -21"><span class='ocrx_word' id='word_1_237' title='bbox 317 3027 347 3069; x_wconf 90' lang='lat' dir='ltr'><strong>et</strong></span> <span class='ocrx_word' id='word_1_238' title='bbox 365 3017 530 3069; x_wconf 78' lang='lat' dir='ltr'>salebrosum</span> <span class='ocrx_word' id='word_1_239' title='bbox 554 3019 753 3089; x_wconf 84' lang='lat' dir='ltr'><strong>fruticibusque</strong></span> <span class='ocrx_word' id='word_1_240' title='bbox 772 3029 872 3072; x_wconf 90' lang='lat' dir='ltr'><strong>tectum</strong></span> <span class='ocrx_word' id='word_1_241' title='bbox 896 3039 926 3072; x_wconf 87' lang='lat' dir='ltr'><strong>ac</strong></span> <span class='ocrx_word' id='word_1_242' title='bbox 944 3022 999 3072; x_wconf 83' lang='lat' dir='ltr'><strong>sere</strong></span> <span class='ocrx_word' id='word_1_243' title='bbox 1019 3019 1119 3072; x_wconf 84' lang='lat' dir='ltr'><strong>invium</strong></span> <span class='ocrx_word' id='word_1_244' title='bbox 1140 3037 1196 3071; x_wconf 91' lang='lat' dir='ltr'><strong>non</strong></span> <span class='ocrx_word' id='word_1_245' title='bbox 1215 3019 1314 3088; x_wconf 89' lang='lat' dir='ltr'><strong>ubique</strong></span> <span class='ocrx_word' id='word_1_246' title='bbox 1331 3020 1398 3068; x_wconf 84' lang='lat' dir='ltr'><strong>iice-</strong></span> 
     </span>
    </p>

    <p class='ocr_par' dir='ltr' id='par_1_6' title="bbox 315 3087 1397 3160">
     <span class='ocr_line' id='line_1_29' title="bbox 315 3087 1397 3160; baseline -0.003 -19"><span class='ocrx_word' id='word_1_247' title='bbox 315 3087 385 3159; x_wconf 85' lang='lat' dir='ltr'><strong>bat‚)</strong></span> <span class='ocrx_word' id='word_1_248' title='bbox 405 3087 453 3138; x_wconf 91' lang='lat' dir='ltr'><strong>sed</strong></span> <span class='ocrx_word' id='word_1_249' title='bbox 471 3088 585 3158; x_wconf 91' lang='lat' dir='ltr'><strong>pedibus</strong></span> <span class='ocrx_word' id='word_1_250' title='bbox 605 3106 710 3160; x_wconf 87' lang='lat' dir='ltr'><strong>semper</strong></span> <span class='ocrx_word' id='word_1_251' title='bbox 722 3091 853 3142; x_wconf 85' lang='lat' dir='ltr'><strong>incedens</strong></span> <span class='ocrx_word' id='word_1_252' title='bbox 866 3099 894 3142; x_wconf 86' lang='lat' dir='ltr'><strong>et</strong></span> <span class='ocrx_word' id='word_1_253' title='bbox 905 3093 958 3143; x_wconf 89' lang='lat' dir='ltr'><strong>suis</strong></span> <span class='ocrx_word' id='word_1_254' title='bbox 972 3092 1029 3160; x_wconf 87' lang='lat' dir='ltr'><strong>ipse</strong></span> <span class='ocrx_word' id='word_1_255' title='bbox 1039 3091 1124 3142; x_wconf 88' lang='lat' dir='ltr'><strong>ocuiis</strong></span> <span class='ocrx_word' id='word_1_256' title='bbox 1138 3089 1282 3158; x_wconf 73' lang='lat' dir='ltr'><strong>dispiciens</strong></span> <span class='ocrx_word' id='word_1_257' title='bbox 1301 3091 1397 3150; x_wconf 82' lang='lat' dir='ltr'><strong>omnia,</strong></span> 
     </span>
    </p>

    <p class='ocr_par' dir='ltr' id='par_1_7' title="bbox 315 3157 1397 3230">
     <span class='ocr_line' id='line_1_30' title="bbox 315 3157 1397 3230; baseline 0.002 -22"><span class='ocrx_word' id='word_1_258' title='bbox 315 3157 437 3227; x_wconf 90' lang='lat' dir='ltr'><strong>nequid</strong></span> <span class='ocrx_word' id='word_1_259' title='bbox 461 3158 593 3228; x_wconf 87' lang='lat' dir='ltr'><strong>praesidio</strong></span> <span class='ocrx_word' id='word_1_260' title='bbox 623 3157 782 3212; x_wconf 88' lang='lat' dir='ltr'><strong>destitutum</strong></span> <span class='ocrx_word' id='word_1_261' title='bbox 810 3161 920 3223; x_wconf 82' lang='lat' dir='ltr'><strong>lateret,</strong></span> <span class='ocrx_word' id='word_1_262' title='bbox 942 3163 1014 3213; x_wconf 85' lang='lat' dir='ltr'><strong>unde</strong></span> <span class='ocrx_word' id='word_1_263' title='bbox 1037 3161 1116 3212; x_wconf 82' lang='lat' dir='ltr'><strong>facile</strong></span> <span class='ocrx_word' id='word_1_264' title='bbox 1135 3161 1283 3230; x_wconf 74' lang='lat' dir='ltr'><strong>irrumpere</strong></span> <span class='ocrx_word' id='word_1_265' title='bbox 1309 3160 1397 3210; x_wconf 77' lang='lat' dir='ltr'><strong>hostes</strong></span> 
     </span>
    </p>

    <p class='ocr_par' dir='ltr' id='par_1_8' title="bbox 314 3229 1398 3300">
     <span class='ocr_line' id='line_1_31' title="bbox 314 3229 1398 3300; baseline 0.002 -22"><span class='ocrx_word' id='word_1_266' title='bbox 314 3236 443 3298; x_wconf 76' lang='lat' dir='ltr'><strong>possent:</strong></span> <span class='ocrx_word' id='word_1_267' title='bbox 466 3229 548 3280; x_wconf 79' lang='lat' dir='ltr'><strong>fossas</strong></span> <span class='ocrx_word' id='word_1_268' title='bbox 567 3229 610 3280; x_wconf 89' lang='lat' dir='ltr'><strong>bic</strong></span> <span class='ocrx_word' id='word_1_269' title='bbox 627 3229 690 3281; x_wconf 89' lang='lat' dir='ltr'><strong>duci</strong></span> <span class='ocrx_word' id='word_1_270' title='bbox 711 3231 797 3293; x_wconf 90' lang='lat' dir='ltr'><strong>iussit,</strong></span> <span class='ocrx_word' id='word_1_271' title='bbox 815 3231 881 3282; x_wconf 85' lang='lat' dir='ltr'><strong>aiibi</strong></span> <span class='ocrx_word' id='word_1_272' title='bbox 904 3233 1005 3300; x_wconf 82' lang='lat' dir='ltr'><strong>ligneus</strong></span> <span class='ocrx_word' id='word_1_273' title='bbox 1024 3232 1124 3283; x_wconf 79' lang='lat' dir='ltr'><strong>exstrui</strong></span> <span class='ocrx_word' id='word_1_274' title='bbox 1143 3240 1229 3282; x_wconf 89' lang='lat' dir='ltr'><strong>turres</strong></span> <span class='ocrx_word' id='word_1_275' title='bbox 1248 3239 1288 3293; x_wconf 83' lang='lat' dir='ltr'><strong>et,</strong></span> <span class='ocrx_word' id='word_1_276' title='bbox 1314 3229 1398 3280; x_wconf 80' lang='lat' dir='ltr'><strong>sicubi</strong></span> 
     </span>
    </p>

    <p class='ocr_par' dir='ltr' id='par_1_9' title="bbox 316 3298 1397 3371">
     <span class='ocr_line' id='line_1_32' title="bbox 316 3298 1397 3371; baseline 0 -21"><span class='ocrx_word' id='word_1_277' title='bbox 316 3298 347 3350; x_wconf 89' lang='lat' dir='ltr'><strong>id</strong></span> <span class='ocrx_word' id='word_1_278' title='bbox 365 3299 439 3350; x_wconf 90' lang='lat' dir='ltr'><strong>locus</strong></span> <span class='ocrx_word' id='word_1_279' title='bbox 457 3300 535 3362; x_wconf 80' lang='lat' dir='ltr'><strong>sirit,</strong></span> <span class='ocrx_word' id='word_1_280' title='bbox 553 3300 653 3368; x_wconf 88' lang='lat' dir='ltr'><strong>oppida</strong></span> <span class='ocrx_word' id='word_1_281' title='bbox 671 3317 687 3352; x_wconf 95' lang='lat' dir='ltr'><strong>e</strong></span> <span class='ocrx_word' id='word_1_282' title='bbox 714 3303 799 3353; x_wconf 87' lang='lat' dir='ltr'><strong>latere</strong></span> <span class='ocrx_word' id='word_1_283' title='bbox 827 3311 874 3353; x_wconf 84' lang='lat' dir='ltr'><strong>aut</strong></span> <span class='ocrx_word' id='word_1_284' title='bbox 893 3321 956 3355; x_wconf 83' lang='lat' dir='ltr'><strong>saxo</strong></span> <span class='ocrx_word' id='word_1_285' title='bbox 977 3301 1129 3364; x_wconf 79' lang='lat' dir='ltr'><strong>aedificari,</strong></span> <span class='ocrx_word' id='word_1_286' title='bbox 1149 3318 1262 3371; x_wconf 86' lang='lat' dir='ltr'><strong>quorum</strong></span> <span class='ocrx_word' id='word_1_287' title='bbox 1280 3301 1352 3352; x_wconf 87' lang='lat' dir='ltr'><strong>inter</strong></span> <span class='ocrx_word' id='word_1_288' title='bbox 1369 3317 1397 3351; x_wconf 90' lang='lat' dir='ltr'><strong>se</strong></span> 
     </span>
    </p>

    <p class='ocr_par' dir='ltr' id='par_1_10' title="bbox 317 3369 1398 3442">
     <span class='ocr_line' id='line_1_33' title="bbox 317 3369 1398 3442; baseline 0.002 -23"><span class='ocrx_word' id='word_1_289' title='bbox 317 3369 470 3420; x_wconf 74' lang='lat' dir='ltr'><strong>distantiam</strong></span> <span class='ocrx_word' id='word_1_290' title='bbox 490 3370 756 3440; x_wconf 74' lang='lat' dir='ltr'><strong>magnitudinemque</strong></span> <span class='ocrx_word' id='word_1_291' title='bbox 777 3373 834 3442; x_wconf 81' lang='lat' dir='ltr'><strong>ipsc</strong></span> <span class='ocrx_word' id='word_1_292' title='bbox 859 3373 1057 3425; x_wconf 85' lang='lat' dir='ltr'><strong>dimetiebatur.</strong></span> <span class='ocrx_word' id='word_1_293' title='bbox 1094 3388 1289 3442; x_wconf 85' lang='lat' dir='ltr'><strong>nonnunquam</strong></span> <span class='ocrx_word' id='word_1_294' title='bbox 1318 3371 1398 3422; x_wconf 81' lang='lat' dir='ltr'><strong>etiam</strong></span> 
     </span>
    </p>

    <p class='ocr_par' dir='ltr' id='par_1_11' title="bbox 317 3439 1509 3513">
     <span class='ocr_line' id='line_1_34' title="bbox 317 3439 1509 3513; baseline 0.002 -23"><span class='ocrx_word' id='word_1_295' title='bbox 317 3439 476 3491; x_wconf 83' lang='lat' dir='ltr'><strong>celsissimus</strong></span> <span class='ocrx_word' id='word_1_296' title='bbox 494 3440 611 3500; x_wconf 77' lang='lat' dir='ltr'><strong>arbores,</strong></span> <span class='ocrx_word' id='word_1_297' title='bbox 629 3442 766 3492; x_wconf 81' lang='lat' dir='ltr'><strong>radicibus</strong></span> <span class='ocrx_word' id='word_1_298' title='bbox 785 3444 900 3508; x_wconf 75' lang='lat' dir='ltr'><strong>excisus,</strong></span> <span class='ocrx_word' id='word_1_299' title='bbox 918 3445 1050 3513; x_wconf 78' lang='lat' dir='ltr'><strong>prosterni</strong></span> <span class='ocrx_word' id='word_1_300' title='bbox 1068 3440 1141 3492; x_wconf 89' lang='lat' dir='ltr'><strong>humi</strong></span> <span class='ocrx_word' id='word_1_301' title='bbox 1160 3443 1245 3494; x_wconf 88' lang='lat' dir='ltr'><strong>iussit.</strong></span> <span class='ocrx_word' id='word_1_302' title='bbox 1282 3442 1319 3492; x_wconf 82' lang='lat' dir='ltr'><strong>ita</strong></span> <span class='ocrx_word' id='word_1_303' title='bbox 1339 3457 1398 3492; x_wconf 90' lang='lat' dir='ltr'><strong>cum</strong></span> <span class='ocrx_word' id='word_1_304' title='bbox 1508 3499 1509 3504; x_wconf 14' lang='lat' dir='ltr'><strong>q</strong></span> 
     </span>
    </p>

    <p class='ocr_par' dir='ltr' id='par_1_12' title="bbox 317 3507 1509 3582">
     <span class='ocr_line' id='line_1_35' title="bbox 317 3507 1509 3582; baseline 0.002 -22"><span class='ocrx_word' id='word_1_305' title='bbox 317 3507 435 3562; x_wconf 85' lang='lat' dir='ltr'><strong>bostium</strong></span> <span class='ocrx_word' id='word_1_306' title='bbox 455 3509 544 3561; x_wconf 83' lang='lat' dir='ltr'><strong>aditus</strong></span> <span class='ocrx_word' id='word_1_307' title='bbox 563 3513 772 3575; x_wconf 82' lang='lat' dir='ltr'><strong>interclusisset,</strong></span> <span class='ocrx_word' id='word_1_308' title='bbox 791 3514 888 3582; x_wconf 88' lang='lat' dir='ltr'><strong>Cpoiin</strong></span> <span class='ocrx_word' id='word_1_309' title='bbox 910 3515 1060 3567; x_wconf 83' lang='lat' dir='ltr'><strong>revertitur.</strong></span> <span class='ocrx_word' id='word_1_310' title='bbox 1097 3521 1214 3564; x_wconf 83' lang='lat' dir='ltr'><strong>ceterum</strong></span> <span class='ocrx_word' id='word_1_311' title='bbox 1233 3527 1314 3581; x_wconf 85' lang='lat' dir='ltr'><strong>opem</strong></span> <span class='ocrx_word' id='word_1_312' title='bbox 1332 3511 1399 3562; x_wconf 82' lang='lat' dir='ltr'><strong>baec</strong></span> <span class='ocrx_word' id='word_1_313' title='bbox 1508 3523 1509 3548; x_wconf 68' lang='lat'>³</span> 
     </span>
    </p>

    <p class='ocr_par' dir='ltr' id='par_1_13' title="bbox 284 3582 1509 3725">
     <span class='ocr_line' id='line_1_36' title="bbox 319 3582 1509 3652; baseline 0.003 -23"><span class='ocrx_word' id='word_1_314' title='bbox 319 3595 353 3632; x_wconf 81' lang='lat' dir='ltr'><strong>ex</strong></span> <span class='ocrx_word' id='word_1_315' title='bbox 371 3583 524 3631; x_wconf 83' lang='lat' dir='ltr'><strong>narratione</strong></span> <span class='ocrx_word' id='word_1_316' title='bbox 542 3598 601 3632; x_wconf 84' lang='lat' dir='ltr'><strong>mes</strong></span> <span class='ocrx_word' id='word_1_317' title='bbox 619 3582 705 3634; x_wconf 86' lang='lat' dir='ltr'><strong>ievior</strong></span> <span class='ocrx_word' id='word_1_318' title='bbox 725 3583 838 3634; x_wconf 80' lang='lat' dir='ltr'><strong>fortusse</strong></span> <span class='ocrx_word' id='word_1_319' title='bbox 856 3584 1023 3637; x_wconf 83' lang='lat' dir='ltr'><strong>auditoribus</strong></span> <span class='ocrx_word' id='word_1_320' title='bbox 1052 3584 1177 3646; x_wconf 76' lang='lat' dir='ltr'><strong>videtur3</strong></span> <span class='ocrx_word' id='word_1_321' title='bbox 1197 3591 1226 3636; x_wconf 86' lang='lat' dir='ltr'><strong>ut</strong></span> <span class='ocrx_word' id='word_1_322' title='bbox 1241 3584 1335 3652; x_wconf 86' lang='lat' dir='ltr'><strong>quanti</strong></span> <span class='ocrx_word' id='word_1_323' title='bbox 1352 3600 1399 3634; x_wconf 89' lang='lat' dir='ltr'><strong>su·</strong></span> <span class='ocrx_word' id='word_1_324' title='bbox 1508 3625 1509 3632; x_wconf 73' lang='grc'><strong><em>,</em></strong></span> 
     </span>
     <span class='ocr_line' id='line_1_37' title="bbox 284 3648 1509 3725; baseline 0.003 -25"><span class='ocrx_word' id='word_1_325' title='bbox 284 3692 291 3706; x_wconf 32' lang='lat' dir='ltr'>x</span> <span class='ocrx_word' id='word_1_326' title='bbox 319 3648 390 3702; x_wconf 88' lang='lat' dir='ltr'><strong>doris</strong></span> <span class='ocrx_word' id='word_1_327' title='bbox 410 3651 564 3719; x_wconf 86' lang='lat' dir='ltr'><strong>imperatori</strong></span> <span class='ocrx_word' id='word_1_328' title='bbox 584 3652 675 3716; x_wconf 81' lang='lat' dir='ltr'><strong>fuerit,</strong></span> <span class='ocrx_word' id='word_1_329' title='bbox 693 3653 770 3704; x_wconf 84' lang='lat' dir='ltr'><strong>multi</strong></span> <span class='ocrx_word' id='word_1_330' title='bbox 791 3655 848 3705; x_wconf 83' lang='lat' dir='ltr'><strong>eius</strong></span> <span class='ocrx_word' id='word_1_331' title='bbox 873 3657 982 3707; x_wconf 86' lang='lat' dir='ltr'><strong>comites</strong></span> <span class='ocrx_word' id='word_1_332' title='bbox 1011 3654 1150 3725; x_wconf 81' lang='lat' dir='ltr'><strong>hodieque</strong></span> <span class='ocrx_word' id='word_1_333' title='bbox 1167 3655 1260 3706; x_wconf 82' lang='lat' dir='ltr'><strong>testari</strong></span> <span class='ocrx_word' id='word_1_334' title='bbox 1278 3661 1399 3721; x_wconf 88' lang='lat' dir='ltr'><strong>possunt.</strong></span> <span class='ocrx_word' id='word_1_335' title='bbox 1508 3649 1509 3652; x_wconf 61' lang='grc'>’</span> 
     </span>
    </p>

    <p class='ocr_par' dir='ltr' id='par_1_14' title="bbox 318 3723 1400 3792">
     <span class='ocr_line' id='line_1_38' title="bbox 318 3723 1400 3792; baseline 0.004 -23"><span class='ocrx_word' id='word_1_336' title='bbox 318 3735 375 3770; x_wconf 84' lang='lat' dir='ltr'><strong>non</strong></span> <span class='ocrx_word' id='word_1_337' title='bbox 392 3723 477 3772; x_wconf 90' lang='lat' dir='ltr'><strong>muito</strong></span> <span class='ocrx_word' id='word_1_338' title='bbox 496 3730 558 3790; x_wconf 91' lang='lat' dir='ltr'><strong>post</strong></span> <span class='ocrx_word' id='word_1_339' title='bbox 575 3723 720 3791; x_wconf 83' lang='lat' dir='ltr'><strong>imperator</strong></span> <span class='ocrx_word' id='word_1_340' title='bbox 737 3723 772 3774; x_wconf 89' lang='lat' dir='ltr'><strong>de</strong></span> <span class='ocrx_word' id='word_1_341' title='bbox 790 3724 897 3776; x_wconf 84' lang='lat' dir='ltr'><strong>Tzuchn</strong></span> <span class='ocrx_word' id='word_1_342' title='bbox 914 3725 1012 3777; x_wconf 87' lang='lat' dir='ltr'><strong>certior</strong></span> <span class='ocrx_word' id='word_1_343' title='bbox 1030 3725 1076 3790; x_wconf 84' lang='lat' dir='ltr'><strong>fit,</strong></span> <span class='ocrx_word' id='word_1_344' title='bbox 1099 3724 1168 3776; x_wconf 84' lang='lat' dir='ltr'><strong>nibil</strong></span> <span class='ocrx_word' id='word_1_345' title='bbox 1187 3741 1247 3775; x_wconf 89' lang='lat' dir='ltr'><strong>eum</strong></span> <span class='ocrx_word' id='word_1_346' title='bbox 1266 3723 1300 3774; x_wconf 89' lang='lat' dir='ltr'><strong>do</strong></span> <span class='ocrx_word' id='word_1_347' title='bbox 1317 3724 1400 3792; x_wconf 84' lang='lat' dir='ltr'><strong>priori</strong></span> 
     </span>
    </p>

    <p class='ocr_par' dir='ltr' id='par_1_15' title="bbox 318 3791 1402 3872">
     <span class='ocr_line' id='line_1_39' title="bbox 318 3791 1402 3872; baseline 0.006 -34"><span class='ocrx_word' id='word_1_348' title='bbox 318 3805 371 3872; x_wconf 40' lang='lat' dir='ltr'><strong>spe·</strong></span> <span class='ocrx_word' id='word_1_349' title='bbox 388 3792 523 3843; x_wconf 89' lang='lat' dir='ltr'><strong>remittere</strong></span> <span class='ocrx_word' id='word_1_350' title='bbox 543 3791 578 3841; x_wconf 95' lang='lat' dir='ltr'><strong>ob</strong></span> <span class='ocrx_word' id='word_1_351' title='bbox 596 3809 636 3855; x_wconf 81' lang='lat' dir='ltr'><strong>es,</strong></span> <span class='ocrx_word' id='word_1_352' title='bbox 657 3809 727 3863; x_wconf 84' lang='lat' dir='ltr'><strong>quae</strong></span> <span class='ocrx_word' id='word_1_353' title='bbox 744 3794 787 3845; x_wconf 89' lang='lat' dir='ltr'><strong>iili</strong></span> <span class='ocrx_word' id='word_1_354' title='bbox 805 3803 876 3846; x_wconf 84' lang='lat' dir='ltr'><strong>terra</strong></span> <span class='ocrx_word' id='word_1_355' title='bbox 893 3797 1015 3866; x_wconf 84' lang='lat' dir='ltr'><strong>marique</strong></span> <span class='ocrx_word' id='word_1_356' title='bbox 1035 3794 1206 3860; x_wconf 78' lang='lat' dir='ltr'><strong>accidissent3</strong></span> <span class='ocrx_word' id='word_1_357' title='bbox 1225 3794 1293 3864; x_wconf 90' lang='lat' dir='ltr'><strong>quin</strong></span> <span class='ocrx_word' id='word_1_358' title='bbox 1309 3794 1402 3862; x_wconf 83' lang='lat' dir='ltr'><strong>potius</strong></span> 
     </span>
    </p>

    <p class='ocr_par' dir='ltr' id='par_1_16' title="bbox 319 3860 1404 3938">
     <span class='ocr_line' id='line_1_40' title="bbox 319 3860 1404 3938; baseline 0.007 -30"><span class='ocrx_word' id='word_1_359' title='bbox 319 3860 469 3924; x_wconf 74' lang='lat' dir='ltr'><strong>insignibus</strong></span> <span class='ocrx_word' id='word_1_360' title='bbox 495 3871 618 3913; x_wconf 87' lang='lat' dir='ltr'><strong>ornatum</strong></span> <span class='ocrx_word' id='word_1_361' title='bbox 643 3865 738 3932; x_wconf 83' lang='lat' dir='ltr'><strong>regiis,</strong></span> <span class='ocrx_word' id='word_1_362' title='bbox 758 3880 846 3932; x_wconf 83' lang='lat' dir='ltr'><strong>regem</strong></span> <span class='ocrx_word' id='word_1_363' title='bbox 876 3868 1011 3938; x_wconf 87' lang='lat' dir='ltr'><strong>seipsum</strong></span> <span class='ocrx_word' id='word_1_364' title='bbox 1027 3867 1181 3928; x_wconf 78' lang='lat' dir='ltr'><strong>nominare3</strong></span> <span class='ocrx_word' id='word_1_365' title='bbox 1200 3865 1309 3930; x_wconf 76' lang='lat' dir='ltr'><strong>Smyrna</strong></span> <span class='ocrx_word' id='word_1_366' title='bbox 1326 3863 1404 3916; x_wconf 76' lang='lat' dir='ltr'><strong>seint</strong></span> 
     </span>
    </p>

    <p class='ocr_par' dir='ltr' id='par_1_17' title="bbox 320 3929 1404 4006">
     <span class='ocr_line' id='line_1_41' title="bbox 320 3929 1404 4006; baseline 0.005 -26"><span class='ocrx_word' id='word_1_367' title='bbox 320 3929 397 3996; x_wconf 77' lang='lat' dir='ltr'><strong>regni</strong></span> <span class='ocrx_word' id='word_1_368' title='bbox 426 3932 570 4000; x_wconf 87' lang='lat' dir='ltr'><strong>metropoli</strong></span> <span class='ocrx_word' id='word_1_369' title='bbox 597 3934 677 3998; x_wconf 79' lang='lat' dir='ltr'><strong>tacta,</strong></span> <span class='ocrx_word' id='word_1_370' title='bbox 700 3935 812 3987; x_wconf 85' lang='lat' dir='ltr'><strong>classem</strong></span> <span class='ocrx_word' id='word_1_371' title='bbox 828 3936 930 3989; x_wconf 88' lang='lat' dir='ltr'><strong>ibidem</strong></span> <span class='ocrx_word' id='word_1_372' title='bbox 951 3953 1061 4006; x_wconf 86' lang='lat' dir='ltr'><strong>parare,</strong></span> <span class='ocrx_word' id='word_1_373' title='bbox 1082 3953 1136 4006; x_wconf 78' lang='lat' dir='ltr'><strong>qus</strong></span> <span class='ocrx_word' id='word_1_374' title='bbox 1153 3945 1181 3988; x_wconf 87' lang='lat' dir='ltr'><strong>et</strong></span> <span class='ocrx_word' id='word_1_375' title='bbox 1198 3934 1301 3986; x_wconf 83' lang='lat' dir='ltr'><strong>insulas</strong></span> <span class='ocrx_word' id='word_1_376' title='bbox 1315 3951 1404 3985; x_wconf 89' lang='lat' dir='ltr'><strong>rursus</strong></span> 
     </span>
    </p>

    <p class='ocr_par' dir='ltr' id='par_1_18' title="bbox 321 4003 1405 4077">
     <span class='ocr_line' id='line_1_42' title="bbox 321 4003 1405 4077; baseline 0.005 -28"><span class='ocrx_word' id='word_1_377' title='bbox 321 4006 439 4051; x_wconf 81' lang='lat' dir='ltr'><strong>vastaret</strong></span> <span class='ocrx_word' id='word_1_378' title='bbox 459 4007 487 4050; x_wconf 91' lang='lat' dir='ltr'><strong>et</strong></span> <span class='ocrx_word' id='word_1_379' title='bbox 503 4003 537 4054; x_wconf 81' lang='lat' dir='ltr'><strong>ad</strong></span> <span class='ocrx_word' id='word_1_380' title='bbox 555 4003 648 4055; x_wconf 89' lang='lat' dir='ltr'><strong>urbem</strong></span> <span class='ocrx_word' id='word_1_381' title='bbox 667 4020 753 4074; x_wconf 86' lang='lat' dir='ltr'><strong>usque</strong></span> <span class='ocrx_word' id='word_1_382' title='bbox 771 4023 940 4076; x_wconf 79' lang='lat' dir='ltr'><strong>progressus,</strong></span> <span class='ocrx_word' id='word_1_383' title='bbox 958 4008 1070 4077; x_wconf 87' lang='lat' dir='ltr'><strong>imperio</strong></span> <span class='ocrx_word' id='word_1_384' title='bbox 1088 4009 1156 4076; x_wconf 84' lang='lat' dir='ltr'><strong>ipso,</strong></span> <span class='ocrx_word' id='word_1_385' title='bbox 1172 4005 1194 4057; x_wconf 92' lang='lat' dir='ltr'><strong>si</strong></span> <span class='ocrx_word' id='word_1_386' title='bbox 1214 4011 1313 4074; x_wconf 75' lang='lat' dir='ltr'><strong>posset,</strong></span> <span class='ocrx_word' id='word_1_387' title='bbox 1331 4005 1405 4072; x_wconf 76' lang='lat' dir='ltr'><strong>poti-</strong></span> 
     </span>
    </p>

    <p class='ocr_par' dir='ltr' id='par_1_19' title="bbox 323 4069 1406 4149">
     <span class='ocr_line' id='line_1_43' title="bbox 323 4069 1406 4149; baseline 0.005 -27"><span class='ocrx_word' id='word_1_388' title='bbox 323 4077 417 4131; x_wconf 56' lang='lat' dir='ltr'><strong>retur„</strong></span> <span class='ocrx_word' id='word_1_389' title='bbox 438 4069 482 4122; x_wconf 86' lang='lat' dir='ltr'><strong>bis</strong></span> <span class='ocrx_word' id='word_1_390' title='bbox 495 4072 619 4141; x_wconf 86' lang='lat' dir='ltr'><strong>quotidie</strong></span> <span class='ocrx_word' id='word_1_391' title='bbox 639 4075 777 4142; x_wconf 83' lang='lat' dir='ltr'><strong>nuntiatis,</strong></span> <span class='ocrx_word' id='word_1_392' title='bbox 798 4079 943 4149; x_wconf 84' lang='lat' dir='ltr'><strong>imperator</strong></span> <span class='ocrx_word' id='word_1_393' title='bbox 961 4095 1017 4132; x_wconf 89' lang='lat' dir='ltr'><strong>non</strong></span> <span class='ocrx_word' id='word_1_394' title='bbox 1036 4075 1152 4144; x_wconf 75' lang='lat' dir='ltr'><strong>socordi,</strong></span> <span class='ocrx_word' id='word_1_395' title='bbox 1168 4092 1218 4130; x_wconf 85' lang='lat' dir='ltr'><strong>nec</strong></span> <span class='ocrx_word' id='word_1_396' title='bbox 1235 4073 1352 4128; x_wconf 85' lang='lat' dir='ltr'><strong>demisso</strong></span> <span class='ocrx_word' id='word_1_397' title='bbox 1368 4075 1406 4127; x_wconf 78' lang='lat' dir='ltr'><strong>ud</strong></span> 
     </span>
    </p>
   </div>
   <div class='ocr_carea' id='block_1_5' title="bbox 0 0 1549 4909">
    <p class='ocr_par' dir='ltr' id='par_1_20' title="bbox 0 0 1549 4909">
     <span class='ocr_line' id='line_1_44' title="bbox 0 0 1549 4909; baseline 0 0"><span class='ocrx_word' id='word_1_398' title='bbox 0 0 1549 4909; x_wconf 95' lang='lat' dir='ltr'><strong> </strong></span> 
     </span>
    </p>
   </div>
  </div>
 </body>
</html>
