3042 4909
487 379 695 444 ataxttuts
725 380 800 444 ua.
831 385 886 443 ιιι.
917 381 967 444 ιι.
1181 355 1259 438 185

179 524 224 596 εἰς
243 525 401 605 τοσοῦτον,
420 519 522 607 οἶμαι,
542 528 600 609 την
624 527 708 612 ζωην
728 527 832 618 ἱαυτρ)1
852 533 1019 612 διαρκέσαι
1043 529 1264 612 ἐπευχόμενοι,

178 622 230 706 ἐφ’
255 615 327 686 άσον
354 625 434 707 πρὸς
458 625 515 702 ούς
538 629 642 692 ἐθέλει
675 630 842 711 μάχεσθαι
861 631 990 693 δύναιτο
1011 620 1063 694 άν.
1102 627 1194 693 ε”νθεν
1213 653 1263 694 τοι

176 724 233 784 κατ’
252 723 311 784 τοῦ
328 726 536 804 προκειμένου
568 731 688 790 σκοπού
715 731 779 792 ταῖν
797 727 968 810 γεγονότων
997 728 1092 791 oridia
1121 731 1264 814 α’πεῖρξεν

178 811 286 882 αύτάν.
341 821 423 886 α’λλοὶ
450 821 528 900 μετά
563 826 625 888 τῶν
656 831 898 909 περισωθέντων
920 819 1016 912 (ἦσαν
1045 822 1105 910 γάρ
1130 851 1212 905 τινες
1233 827 1262 893 οἱ

150 920 258 984 fieret
281 919 397 1006 α’μύχηι
419 917 553 1003 δυνάμει
568 926 626 986 τού
654 923 799 989 κινδύνου
821 921 1007 1012 ῥυσθέντες)
1029 919 1167 1009 ἑβδόμην
1185 921 1264 1008 ἤμέ·

175 1041 237 1098 ραν
259 1018 304 1094 εἰς
323 1016 379 1101 τη“ν
399 1022 429 1084 Γ
427 1021 607 1099 λαβινέτζαν
626 1021 873 1106 ἐγκαρτερήσας,
896 1016 990 1112 έφ’ᾧ
1012 1022 1110 1091 αύτύν
1132 1022 1264 1108 ‹transj-

175 1120 322 1200 σασθαι,
344 1120 559 1184 διαναπαῦσαι
592 1124 627 1186 δὲ
647 1123 702 1187 κατ’
721 1120 794 1198 τούς
814 1127 850 1186 έκ
873 1127 930 1188 τού
948 1123 1103 1200 κλύδωνος
1123 1127 1178 1205 τῆς
1200 1127 1262 1188 θα·

174 1217 288 1300 λάττης
316 1217 547 1300 διασωθέντας,
580 1219 708 1304 φθάσαι
740 1223 776 1286 δέ
811 1225 868 1286 καί
892 1221 968 1297 τούς
1002 1225 1046 1300 εἰς
1066 1222 1101 1287 τύ
1121 1217 1261 1307 Βρεντή-

174 1337 243 1380 σιον
264 1317 537 1400 καταλειφθέντας
565 1318 621 1382 κατ’
646 1317 710 1401 μην
732 1324 789 1384 κατ’
817 1317 894 1396 τούς
927 1313 1060 1384 άλλοθεν
1082 1322 1293 1404 προσδοκω-(Σ

128 1434 166 1476 ιο
173 1417 286 1496 μένους
307 1413 362 1478 διά
382 1412 492 1480 στύλου
514 1423 716 1499 καταλαβεῖν,
746 1416 821 1494 τούς
841 1442 874 1483 τε
895 1418 956 1501 πρὸ
977 1420 1093 1503 μικροῦ
1113 1416 1261 1506 φθάσαν·

173 1537 231 1589 τας
250 1511 303 1578 διά
336 1518 394 1597 τῆς
426 1513 560 1598 η’πεέρου
595 1519 872 1601 διαπεραιωθῆναι
903 1515 1018 1593 ἱππέας
1038 1515 1190 1593 ἐνόπλους
1208 1522 1264 1584 κατ’

172 1610 289 1692 πεζούς
323 1615 379 1678 κατ’
409 1611 445 1679 τά
479 1611 576 1696 ψιλδν
596 1618 653 1700 τῆς
674 1615 773 1680 adteri
799 1617 981 1701 δυνάμεως,
1002 1613 1144 1693 ἅπαντας
1163 1642 1262 1683 συνα-

170 1710 293 1798 γηοχως
323 1711 378 1778 διά
401 1736 434 1778 τε
467 1718 523 1800 τῆς
552 1717 648 1800 ξηράς
667 1714 724 1780 καί
749 1719 807 1798 τῆς
827 1717 1011 1801 θαλάσσης,
1032 1715 1067 1782 τύ
1090 1715 1262 1801 Ἰλλυρικὸν

171 1813 277 1878 πεδίον
307 1814 461 1896 κατέλαβε
495 1813 577 1906 μετά
608 1817 719 1880 πασαῖν
739 1819 803 1880 τοῖν
824 1816 923 1881 advari
943 1815 1120 1897 δυνάμεων.
1162 1819 1262 1900 συνῆν

125 1909 390 1999 steenstraten*
420 1909 561 1977 δταύτά
582 1936 638 1996 μοι
671 1915 877 2000 διηγούμενος
898 1921 1039 1992 Λατῖνος
1047 1967 1057 1998 ,
1091 1912 1134 1992 αἱς
1153 1913 1259 1999 ἔλεγε,

170 2017 309 2094 πρέσβυς
331 2013 390 2076 τοῦ
409 2011 577 2078 ε’πισκύπου
592 2016 726 2098 Βαρέως
746 2013 825 2098 πρὸς
842 2011 897 2078 τὸν
913 2015 1102 2097 Ῥομπέρτον
1121 2016 1258 2078 ducern-

169 2109 233 2185 λει’ς
244 2157 258 2188 ,
280 2111 336 2175 aad
359 2107 402 2186 οάς
432 2113 665 2193 διεβεβαιοῦτο,
692 2109 753 2177 σύν
772 2115 818 2200 τῷ
833 2113 1014 2200 Ῥομπέρτιρ
1035 2113 1091 2197 την
1111 2114 1259 2196 τοιαύτην

170 2211 306 2296 διέτριβε
326 2206 475 2276 πεδιάδα.
531 2214 586 2276 καί
614 2208 653 2295 dp*
676 2208 766 2287 έντὸς
796 2215 859 2275 ταῖν
879 2215 1113 2296 έρειπωθέντων
1146 2216 1291 2294 τειχῶνῑ)

167 2310 223 2394 τῆς
250 2313 349 2373 πύλαι
371 2312 565 2394 καλουμένης
584 2309 703 2386 πόλεως
724 2309 911 2392 Ἐπιδάμνου
940 2309 1078 2392 καλύβας
1108 2308 1258 2395 ἐπήγνυν-

120 2423 216 2489 2010,
238 2405 349 2473 ἱλαδύν
369 2408 428 2484 τοὶς
449 2409 599 2491 δυνάμεις
620 2413 869 2490 κατατιθέμενοι.
912 2413 946 2475 έν
970 2403 990 2498 ᾗ
1010 2409 1159 2491 βασιλεύς
1182 2431 1257 2473 ποτε

164 2505 360 2592 Ἠπειρώτης
372 2507 507 2594 Πύρρος
525 2505 878 2592 Ταραντιθοιςένωθείς
898 2509 1069 2591 Ῥωμαίοις
1093 2513 1128 2576 έν
1141 2510 1257 2574 Ἀπου·

169 2609 240 2696 ληΐη
258 2605 414 2694 καρτεράν
434 2605 491 2673 cdv
516 2605 652 2690 πόλεμον
671 2608 903 2694 συνεστήσατο·
953 2609 1009 2674 κατ’
1026 2608 1257 2696 ἀνδροκτασίας

237 2795 260 2846 3.
280 2791 337 2849 τῶν
355 2791 515 2865 γεγονότων
531 2809 584 2848 orn.
601 2793 628 2845 P.
766 2797 792 2862 4.
811 2799 1030 2866 πτρισωθέντων
1046 2795 1084 2859 Δ,
1106 2799 1256 2852 σωθέντων

235 2863 343 2986 Ριλῐιί,Δ
374 2867 419 2919 ab·
436 2867 634 2937 έριιιωθέντων
650 2866 681 2916 Δ.
769 2883 811 2920 ns·
833 2871 1006 2938 Ταραντῖνος
1022 2867 1053 2920 C.
1144 2882 1187 2918 aa.
1205 2861 1255 2921 τὸν

236 2951 251 2984 a
346 2973 353 2985 .

167 3087 411 3155 perterrefaciebat,
428 3103 489 3140 cum
500 3087 637 3159 impavida
650 3094 722 3140 esset
736 3089 826 3139 animo
846 3095 875 3139 et
891 3093 1018 3150 eatenus,
1038 3088 1155 3156 opinor,
1173 3091 1256 3142 ritarn

167 3155 217 3208 sibi
231 3175 369 3226 superesse
380 3167 544 3228 precaretur,
562 3167 601 3222 ut,
620 3167 714 3210 contra
727 3175 796 3228 quos
806 3158 897 3222 vellet,
914 3173 1033 3227 pugnare
1044 3166 1145 3227 posset.
1163 3159 1257 3244 itaque

165 3243 181 3278 a
199 3229 314 3280 consilio
331 3229 402 3282 nibil
419 3246 521 3293 eorum,
539 3246 609 3300 quae
620 3227 784 3293 actiderant,
803 3245 863 3280 eum
882 3227 1050 3294 deterrebat5
1067 3227 1115 3279 sed
1136 3245 1196 3280 cam
1212 3230 1256 3293 ris,

165 3299 213 3367 qui
222 3309 388 3368 supererant,
400 3299 544 3370 (nonnulla
556 3303 627 3352 enirn
645 3317 706 3370 pers
727 3308 786 3352 erat
803 3299 895 3351 divina
917 3300 1042 3368 potentia
1055 3299 1178 3368 periculo
1196 3317 1256 3352 ere·

163 3370 231 3440 pta,)
245 3369 418 3422 Giabinitzae
429 3371 554 3424 substitit
562 3371 619 3424 dies
637 3381 752 3441 reptem,
764 3379 797 3422 ut
809 3386 974 3454 remosque,
993 3371 1042 3439 qui
1053 3377 1257 3438 extempestate

165 3439 250 3508 elapsi
270 3449 362 3504 erant,
382 3444 476 3511 quiete
495 3443 631 3506 reficeret,
650 3450 790 3511 praeterea
809 3448 841 3494 ut
859 3449 888 3493 et
906 3441 940 3503 ir,
960 3457 1027 3510 quos
1048 3440 1193 3492 Brundusii
1212 3457 1255 3493 re·

164 3509 283 3580 liquerat
309 3519 338 3564 et
361 3527 427 3580 quos
447 3511 558 3566 aliunde
572 3512 655 3564 classe
675 3511 837 3564 adventuros
859 3511 1046 3580 exspectabat,
1074 3513 1170 3581 etqui
1187 3529 1257 3582 pan.

163 3579 191 3632 Ιο
212 3589 275 3633 ante
301 3583 422 3634 terrestri
446 3583 546 3635 itinere
566 3582 698 3635 Buthroto
725 3583 841 3653 proiecti
872 3591 949 3634 erant
969 3582 1074 3652 equites
1100 3583 1197 3634 armati
1226 3601 1257 3635 ac

163 3651 270 3720 pedites
298 3653 422 3722 levisque
452 3663 602 3706 armaturae
627 3654 744 3718 milites,
773 3651 959 3705 adventarent.
995 3652 1096 3723 quibus
1132 3653 1256 3707 collectis

164 3729 236 3772 terra
256 3724 379 3794 marique
399 3723 544 3788 omnibus,
570 3725 708 3791 illyricum
728 3741 821 3793 agrum
849 3741 909 3776 curn
927 3723 1053 3775 universe
1073 3724 1211 3793 copisram
1228 3727 1256 3777 vi

163 3793 312 3862 occupavit.
338 3810 393 3845 una
414 3810 473 3844 cum
492 3810 524 3845 eo
551 3802 610 3846 erat
646 3810 753 3863 noque,
779 3795 826 3865 qui
851 3793 919 3845 haec
939 3791 1008 3844 mibi
1027 3795 1160 3856 narrarit,
1180 3793 1255 3848 Lati-

161 3877 229 3926 nus,
248 3863 368 3933 episcopi
390 3864 525 3928 Berensis,
545 3867 635 3917 uteie
657 3873 700 3927 at,
720 3864 754 3916 ed
772 3865 918 3917 liebertum
937 3864 1051 3932 legatus,
1070 3864 1117 3933 qui
1136 3882 1164 3917 se
1182 3867 1257 3936 apud

161 3933 306 3986 Robertum
321 3951 368 4003 per
389 3934 572 4005 expeditionis
588 3935 662 3986 illius
680 3944 787 4057 ternpus
797 3944 988 3986 commoratam
1000 3933 1152 3990 affirmarit·
1171 3945 1256 4006 atque

160 4003 231 4055 intra
251 4003 340 4056 diruta
357 4006 465 4057 moenia
487 4005 572 4068 urbis,
594 4022 664 4076 quae
676 4005 724 4076 Epi
746 4023 841 4058 ananus
864 4006 930 4058 olirn
948 4004 1106 4071 dicebatur,
1127 4005 1256 4060 taberna·

161 4075 222 4125 cula
250 4074 435 4139 collocarunt,
463 4077 549 4144 copiis
565 4079 720 4129 catervatim
747 4077 894 4146 dispositis.
914 4075 944 4127 in
962 4092 1016 4145 qua
1040 4075 1108 4128 urbe
1135 4079 1183 4148 qui
1209 4094 1254 4130 re·

160 4145 253 4212 gnavit
269 4146 406 4215 qarondam
427 4145 542 4212 Pyrrhus
561 4147 686 4217 Epirota,
704 4147 749 4198 ubi
762 4148 917 4200 sacietatem
937 4163 996 4198 cum
1013 4147 1168 4200 Tarentinis
1182 4148 1255 4212 iniit,

159 4231 239 4285 grave
269 4223 363 4268 contra
389 4218 522 4271 Romanos
552 4215 579 4268 in
607 4217 705 4288 Apulia
730 4217 834 4269 bellam
863 4219 989 4288 suscepit.
1023 4235 1138 4290 cumque
1157 4235 1252 4287 magna
