3042 4909
559 360 799 424 eusimio.
1049 362 1204 423 :mvn

111 543 288 605 vansvoles
309 542 398 605 lieet.-
420 562 479 605 non
501 546 583 605 enim
608 560 679 607 ante
709 547 812 608 onmia
827 546 1062 630 perlegendum
1089 546 1144 607 sed
1172 547 1207 609 in
1238 586 1242 604 .

109 663 249 733 tempore
269 648 478 710 consulendum
503 653 663 733 seponitur)
694 674 808 714 moram
819 698 832 727 ,
861 656 983 739 ingiam
1010 654 1206 715 neeessariam

109 757 274 839 interpono
294 756 437 833 annom,
473 753 738 837 Praefatiunoulae
761 759 869 840 paneis
897 758 1128 841 complexurae3
1148 778 1206 840 quo

108 884 207 940 casu,
230 884 326 947 quove
358 876 435 923 stane
455 865 592 925 Alexias
614 868 727 927 Annae
748 865 918 928 comnenae
945 886 1027 926 meos
1046 868 1079 926 in
1101 886 1207 926 manus

106 971 256 1046 venerim
277 990 338 1055 qua
358 992 413 1049 spe
432 992 529 1055 quave
550 972 718 1033 conditione
744 972 778 1033 in
798 986 862 1033 tuas
882 986 1020 1034 transeat.

201 1078 270 1139 Iam
301 1091 365 1138 tum
396 1078 437 1138 ab
457 1078 669 1156 adolescentia,
687 1100 783 1163 quam
803 1082 878 1141 mili
898 1084 1058 1162 transigere
1084 1080 1209 1142 Tolosae

112 1186 246 1265 contigit,
271 1184 385 1264 ingenti
404 1183 553 1244 desiderio
564 1182 710 1269 flagravi
725 1183 902 1246 Alexiados
912 1187 1021 1247 Annae
1041 1184 1210 1249 Comnenae

113 1291 324 1375 explicandae
336 1290 455 1351 Latinis
466 1290 582 1365 litteris,
599 1304 629 1352 et
640 1294 703 1353 luce
718 1294 842 1375 publiea
853 1292 1030 1354 donandae.
1049 1296 1166 1355 Aiebat
1176 1294 1213 1356 id

113 1412 225 1465 votum
249 1398 443 1481 laetabatque
467 1397 579 1457 blando
597 1418 649 1481 spe
669 1398 750 1459 seties
768 1400 825 1459 illa
844 1400 911 1483 ipsa
923 1400 1108 1461 studiontm:
1128 1400 1214 1486 quod

113 1508 148 1567 in
172 1527 234 1590 quo
252 1505 399 1565 vivebam
419 1506 588 1587 litterisque
606 1507 759 1589 operabar
777 1508 892 1569 civitas
912 1510 1030 1569 unicum
1049 1510 1115 1568 eius
1136 1528 1211 1589 epe.

114 1616 159 1674 ris
182 1614 426 1695 anttguzssimum
447 1625 477 1673 et
494 1616 720 1695 integerrimum
740 1616 902 1699 exemplar
920 1616 1027 1675 babere
1045 1615 1212 1677 dicebatur.

116 1720 184 1802 Egi
200 1742 281 1802 ergo,
301 1720 416 1801 sategi,
436 1740 495 1802 per
514 1738 584 1797 me,
602 1742 661 1804 per
688 1724 799 1785 amieos
819 1723 902 1782 movi
922 1722 1030 1798 multa,
1051 1737 1112 1803 otto
1129 1702 1214 1783 istius

117 1830 197 1887 mitt
208 1830 298 1911 copia
313 1824 408 1908 fieret
424 1826 547 1887 codicis.
568 1848 588 1887 a
607 1828 790 1891 nobilissima
804 1830 1028 1913 clarissimaque
1039 1830 1213 1889 Fabrorurn

119 1935 380 1997 Saniorianonan
397 1936 527 2019 familia
542 1938 575 1997 in
585 1936 739 1997 Musaeum
748 1937 808 1998 soi
827 1935 1002 2016 μακαρίτου
1024 1935 1215 2000 enrditissimi

121 2045 209 2103 Petri
227 2044 326 2103 Fabri
335 2046 548 2133 humanissime
563 2046 724 2119 admissae,
745 2050 871 2107 senatis
885 2049 949 2108 illio
967 2049 1143 2109 otiosissime
1163 2066 1215 2107 ete·

119 2152 340 2232 riosissimeque
358 2154 479 2213 cunctis
496 2156 625 2214 multum
636 2153 761 2236 frustra
785 2156 847 2215 bibi
863 2157 1038 2239 puluerem.
1059 2154 1219 2233 indagavi

119 2253 213 2316 enam
226 2255 421 2341 ominibusque
434 2260 565 2340 vestigiis
579 2258 721 2319 odoratus
733 2280 796 2319 sum
810 2279 937 2343 eeqimm
958 2264 992 2321 in
1011 2263 1098 2323 urbis
1120 2262 1217 2321 aliam

120 2383 201 2423 rara
221 2376 251 2422 et
268 2364 428 2445 peregrina
447 2366 523 2424 boec
543 2365 612 2422 avis
633 2364 783 2424 evolasset
800 2359 936 2427 domum.
976 2386 1036 2428 non
1053 2364 1122 2450 plus
1137 2384 1215 2448 pro-

105 2470 180 2546 seci
195 2488 290 2549 qseom
308 2468 444 2531 Cadmus
461 2488 532 2530 cum
546 2468 705 2552 Europam
727 2482 896 2553 quaeret-et.
937 2469 1038 2555 Atmte
1060 2472 1109 2531 tte
1125 2492 1217 2555 prae.

119 2575 274 2637 sli'eandae
294 2578 376 2637 locus
399 2589 444 2635 est
463 2571 699 2655 officiosissimae
728 2574 916 2656 benignitatis
947 2575 1146 2637 illustrissimi
1167 2576 1213 2638 D.

122 2683 235 2743 Caroli
266 2684 307 2744 de
328 2684 487 2744 Montcltal
505 2684 737 2767 Aecbiepiseopi
769 2684 924 2760 Toletani,
945 2684 1001 2768 qui
1016 2706 1079 2769 pro
1098 2698 1217 2747 testem

119 2793 309 2853 bimzanitate
332 2814 394 2875 quo
413 2793 512 2853 utilia
532 2812 649 2875 semper
676 2813 744 2852 mea
761 2806 934 2874 prosecrant
954 2804 1009 2869 est,
1031 2806 1102 2855 tune
1120 2794 1217 2854 etiam

120 2922 180 2962 non
199 2902 358 2983 iudignum
382 2902 560 2963 celsitudine
588 2922 643 2961 sua
669 2898 802 2962 credidit
820 2902 854 2960 in
873 2901 960 2960 istam
982 2920 1095 2960 mecm
1113 2920 1218 2959 curam

120 3006 326 3081 dementem
345 3020 374 3067 et
392 3010 569 3071 autoritatis
589 3009 809 3091 interpositione
828 3028 901 3067 suae
915 3019 1019 3067 tantae
1039 3009 1126 3067 buius
1145 3006 1219 3089 ff-

121 3126 201 3175 euim
230 3117 299 3174 voti
329 3116 406 3177 mibi
422 3116 562 3199 conficere
590 3116 703 3180 conari.
754 3114 857 3175 Elusio
886 3126 984 3174 tamen
1002 3093 1227 3194 indagationes,¹

118 3224 285 3304 petitiones,
308 3224 541 3286 machinationes
561 3244 661 3283 omnes
681 3224 735 3283 vel
753 3224 854 3283 nescio
872 3222 940 3306 quis
953 3241 1037 3281 cassu
1058 3221 1147 3296 alius,
1170 3221 1222 3280 vel

121 3328 350 3391 obstinatissima
372 3332 653 3417 iniquitatem,
677 3332 731 3415 qui
750 3333 903 3415 captivom
918 3330 1064 3389 illustrem
1085 3327 1220 3389 aeternis

123 3437 257 3499 detinere
286 3437 411 3498 tenebris
431 3458 500 3499 tum
517 3438 706 3499 incommodo
734 3452 764 3499 et
783 3440 895 3519 gemitu
916 3436 1008 3498 Orbis
1025 3434 1117 3495 sotim
1140 3432 1219 3493 deli.

123 3543 338 3603 beratissianme
368 3542 489 3605 babent.
541 3543 634 3603 Multi
661 3542 775 3604 deinde
795 3538 870 3601 abuti
896 3542 972 3601 milti
996 3542 1063 3601 alia
1079 3540 1221 3620 cogitanti

124 3651 231 3712 omnia
254 3662 284 3709 et
304 3650 481 3711 Aleuiados
500 3650 566 3710 iam
581 3650 676 3733 plane
708 3650 801 3711 oblito
808 3649 986 3734 fluxerant,
1009 3670 1076 3713 eum
1095 3649 1149 3709 vit·
1166 3650 1220 3709 bo-

122 3760 204 3817 naris
227 3777 323 3817 causo
343 3758 539 3818 nominandus
561 3758 669 3819 Petrus
698 3756 859 3837 Seguerius
888 3756 1098 3818 Conaelloeius
1117 3756 1220 3819 Fian-

125 3864 213 3938 ciae,
246 3865 301 3947 qui
321 3864 528 3946 amplissimae
558 3864 702 3944 dignitati
731 3886 839 3948 parem
870 3864 1052 3945 Religionis,
1074 3863 1220 3940 Iustitiae,

122 3970 301 4053 virtutisque
320 3973 438 4043 omnm
458 3982 518 4031 ttan
532 3992 604 4033 vero
616 3974 706 4033 etiam
721 3972 904 4056 eloquentiae
920 3984 950 4031 et
967 3972 1144 4033 eruditionis
1152 3974 1219 4030 'ese-

123 4074 290 4135 cellentiom
312 4078 463 4155 adiuuit,
484 4080 727 4141 animadvertens
744 4100 768 4140 a
788 4080 958 4140 collectione
975 4080 1133 4162 Historiae
1152 4078 1219 4154 By·

126 4184 262 4245 mutuae
282 4206 376 4268 quam
393 4186 487 4271 Typis
499 4187 552 4248 esli
561 4188 658 4269 Regiis
680 4189 819 4267 itoserat,
842 4186 1032 4250 Alexiaolem
1041 4179 1149 4250 Ambe
1160 4182 1219 4247 Co-
