<?xml version="1.0" encoding="UTF-8"?>
<!DOCTYPE html PUBLIC "-//W3C//DTD XHTML 1.0 Transitional//EN"
    "http://www.w3.org/TR/xhtml1/DTD/xhtml1-transitional.dtd">
<html xmlns="http://www.w3.org/1999/xhtml" xml:lang="en" lang="en">
 <head>
  <title>
</title>
<meta http-equiv="Content-Type" content="text/html;charset=utf-8" />
  <meta name='ocr-system' content='tesseract 3.04.00' />
  <meta name='ocr-capabilities' content='ocr_page ocr_carea ocr_par ocr_line ocrx_word'/>
</head>
<body>
  <div class='ocr_page' id='page_1' title='image "./corpusscriptoru63theogoog/corpusscriptoru63theogoog_0050.png"; bbox 0 0 3042 4909; ppageno 0'>
   <div class='ocr_carea' id='block_1_1' title="bbox 315 252 1071 327">
    <p class='ocr_par' dir='ltr' id='par_1_1' title="bbox 315 252 1071 327">
     <span class='ocr_line' id='line_1_1' title="bbox 315 252 1071 327; baseline 0.004 -7"><span class='ocrx_word' id='word_1_1' title='bbox 315 252 441 323; x_wconf 80' lang='lat' dir='ltr'><strong>&#39;XLVlll</strong></span> <span class='ocrx_word' id='word_1_2' title='bbox 640 259 804 325; x_wconf 71' lang='lat' dir='ltr'><strong>navitus</strong></span> <span class='ocrx_word' id='word_1_3' title='bbox 832 260 1071 327; x_wconf 75' lang='lat' dir='ltr'><strong>norsclffitu</strong></span> 
     </span>
    </p>
   </div>
   <div class='ocr_carea' id='block_1_2' title="bbox 300 413 1420 3581">
    <p class='ocr_par' dir='ltr' id='par_1_2' title="bbox 310 413 1420 1793">
     <span class='ocr_line' id='line_1_2' title="bbox 319 413 1420 499; baseline 0.006 -25"><span class='ocrx_word' id='word_1_4' title='bbox 319 413 371 477; x_wconf 86' lang='lat' dir='ltr'><strong>vir</strong></span> <span class='ocrx_word' id='word_1_5' title='bbox 393 432 526 497; x_wconf 78' lang='lat' dir='ltr'><strong>nequam</strong></span> <span class='ocrx_word' id='word_1_6' title='bbox 546 421 578 477; x_wconf 91' lang='lat' dir='ltr'><strong>et</strong></span> <span class='ocrx_word' id='word_1_7' title='bbox 600 414 755 493; x_wconf 90' lang='lat' dir='ltr'><strong>subdolus,</strong></span> <span class='ocrx_word' id='word_1_8' title='bbox 781 436 853 476; x_wconf 90' lang='lat' dir='ltr'><strong>cum</strong></span> <span class='ocrx_word' id='word_1_9' title='bbox 873 426 949 477; x_wconf 88' lang='lat' dir='ltr'><strong>esset</strong></span> <span class='ocrx_word' id='word_1_10' title='bbox 970 418 1002 477; x_wconf 88' lang='lat' dir='ltr'><strong>in</strong></span> <span class='ocrx_word' id='word_1_11' title='bbox 1023 415 1140 497; x_wconf 86' lang='lat' dir='ltr'><strong>palatio</strong></span> <span class='ocrx_word' id='word_1_12' title='bbox 1159 414 1326 499; x_wconf 84' lang='lat' dir='ltr'><strong>Nicephori</strong></span> <span class='ocrx_word' id='word_1_13' title='bbox 1351 416 1420 481; x_wconf 88' lang='lat' dir='ltr'><strong>de-</strong></span> 
     </span>
     <span class='ocr_line' id='line_1_3' title="bbox 319 511 1419 597; baseline 0.004 -22"><span class='ocrx_word' id='word_1_14' title='bbox 319 511 447 575; x_wconf 81' lang='lat' dir='ltr'><strong>cessoris</strong></span> <span class='ocrx_word' id='word_1_15' title='bbox 476 516 523 575; x_wconf 89' lang='lat' dir='ltr'><strong>sui</strong></span> <span class='ocrx_word' id='word_1_16' title='bbox 542 534 685 591; x_wconf 87' lang='lat' dir='ltr'><strong>summus,</strong></span> <span class='ocrx_word' id='word_1_17' title='bbox 707 524 739 575; x_wconf 88' lang='lat' dir='ltr'><strong>et</strong></span> <span class='ocrx_word' id='word_1_18' title='bbox 758 516 905 597; x_wconf 88' lang='lat' dir='ltr'><strong>princeps</strong></span> <span class='ocrx_word' id='word_1_19' title='bbox 934 518 1078 593; x_wconf 84' lang='lat' dir='ltr'><strong>militiae,</strong></span> <span class='ocrx_word' id='word_1_20' title='bbox 1111 524 1220 577; x_wconf 89' lang='lat' dir='ltr'><strong>contra</strong></span> <span class='ocrx_word' id='word_1_21' title='bbox 1248 516 1419 579; x_wconf 87' lang='lat' dir='ltr'><strong>dominum</strong></span> 
     </span>
     <span class='ocr_line' id='line_1_4' title="bbox 319 614 1415 701; baseline 0.005 -25"><span class='ocrx_word' id='word_1_22' title='bbox 319 634 408 676; x_wconf 78' lang='lat' dir='ltr'><strong>suarna</strong></span> <span class='ocrx_word' id='word_1_23' title='bbox 430 614 583 677; x_wconf 88' lang='lat' dir='ltr'><strong>malitiose</strong></span> <span class='ocrx_word' id='word_1_24' title='bbox 597 614 808 694; x_wconf 75' lang='lat' dir='ltr'><strong>recalcitrans,</strong></span> <span class='ocrx_word' id='word_1_25' title='bbox 822 618 935 699; x_wconf 88' lang='lat' dir='ltr'><strong>quinto</strong></span> <span class='ocrx_word' id='word_1_26' title='bbox 955 619 1003 677; x_wconf 84' lang='lat' dir='ltr'><strong>ael</strong></span> <span class='ocrx_word' id='word_1_27' title='bbox 1026 626 1110 677; x_wconf 80' lang='lat' dir='ltr'><strong>sexto</strong></span> <span class='ocrx_word' id='word_1_28' title='bbox 1123 625 1195 677; x_wconf 89' lang='lat' dir='ltr'><strong>ante</strong></span> <span class='ocrx_word' id='word_1_29' title='bbox 1214 615 1295 678; x_wconf 89' lang='lat' dir='ltr'><strong>banc</strong></span> <span class='ocrx_word' id='word_1_30' title='bbox 1313 639 1415 701; x_wconf 78' lang='lat' dir='ltr'><strong>espe-</strong></span> 
     </span>
     <span class='ocr_line' id='line_1_5' title="bbox 318 712 1415 796; baseline -0.001 -22"><span class='ocrx_word' id='word_1_31' title='bbox 318 712 470 775; x_wconf 89' lang='lat' dir='ltr'><strong>ditionem</strong></span> <span class='ocrx_word' id='word_1_32' title='bbox 484 734 576 790; x_wconf 88' lang='lat' dir='ltr'><strong>anno,</strong></span> <span class='ocrx_word' id='word_1_33' title='bbox 597 712 725 774; x_wconf 89' lang='lat' dir='ltr'><strong>domino</strong></span> <span class='ocrx_word' id='word_1_34' title='bbox 737 713 866 796; x_wconf 87' lang='lat' dir='ltr'><strong>depulso</strong></span> <span class='ocrx_word' id='word_1_35' title='bbox 887 715 1051 795; x_wconf 87' lang='lat' dir='ltr'><strong>imperium</strong></span> <span class='ocrx_word' id='word_1_36' title='bbox 1075 715 1240 792; x_wconf 82' lang='lat' dir='ltr'><strong>invaserat,</strong></span> <span class='ocrx_word' id='word_1_37' title='bbox 1263 726 1297 777; x_wconf 81' lang='lat' dir='ltr'><strong>at</strong></span> <span class='ocrx_word' id='word_1_38' title='bbox 1318 718 1415 777; x_wconf 86' lang='lat' dir='ltr'><strong>inva.</strong></span> 
     </span>
     <span class='ocr_line' id='line_1_6' title="bbox 317 812 1413 897; baseline 0.005 -23"><span class='ocrx_word' id='word_1_39' title='bbox 317 832 386 874; x_wconf 83' lang='lat' dir='ltr'><strong>sum</strong></span> <span class='ocrx_word' id='word_1_40' title='bbox 405 813 550 897; x_wconf 87' lang='lat' dir='ltr'><strong>nequiter</strong></span> <span class='ocrx_word' id='word_1_41' title='bbox 569 812 739 874; x_wconf 79' lang='lat' dir='ltr'><strong>detinebat.</strong></span> <span class='ocrx_word' id='word_1_42' title='bbox 782 815 843 876; x_wconf 87' lang='lat' dir='ltr'><strong>Hic</strong></span> <span class='ocrx_word' id='word_1_43' title='bbox 861 835 983 895; x_wconf 77' lang='lat' dir='ltr'>semper</span> <span class='ocrx_word' id='word_1_44' title='bbox 1003 814 1198 897; x_wconf 89' lang='lat' dir='ltr'><strong>propositum</strong></span> <span class='ocrx_word' id='word_1_45' title='bbox 1214 814 1328 877; x_wconf 86' lang='lat' dir='ltr'><strong>habens</strong></span> <span class='ocrx_word' id='word_1_46' title='bbox 1349 818 1413 880; x_wconf 83' lang='lat' dir='ltr'><strong>fal·</strong></span> 
     </span>
     <span class='ocr_line' id='line_1_7' title="bbox 317 910 1411 999; baseline 0.007 -28"><span class='ocrx_word' id='word_1_47' title='bbox 317 910 409 991; x_wconf 89' lang='lat' dir='ltr'><strong>lendi,</strong></span> <span class='ocrx_word' id='word_1_48' title='bbox 431 933 521 995; x_wconf 88' lang='lat' dir='ltr'><strong>saepe</strong></span> <span class='ocrx_word' id='word_1_49' title='bbox 541 932 611 973; x_wconf 86' lang='lat' dir='ltr'><strong>cum</strong></span> <span class='ocrx_word' id='word_1_50' title='bbox 626 912 797 995; x_wconf 78' lang='lat' dir='ltr'>peregrinis</span> <span class='ocrx_word' id='word_1_51' title='bbox 810 914 906 974; x_wconf 79' lang='lat' dir='ltr'><strong>rerba</strong></span> <span class='ocrx_word' id='word_1_52' title='bbox 918 914 1047 994; x_wconf 81' lang='lat' dir='ltr'><strong>pacifica</strong></span> <span class='ocrx_word' id='word_1_53' title='bbox 1062 914 1252 997; x_wconf 81' lang='lat' dir='ltr'><strong>loquebatur</strong></span> <span class='ocrx_word' id='word_1_54' title='bbox 1270 919 1302 977; x_wconf 90' lang='lat' dir='ltr'><strong>iu</strong></span> <span class='ocrx_word' id='word_1_55' title='bbox 1318 916 1411 999; x_wconf 83' lang='lat' dir='ltr'><strong>dolo,</strong></span> 
     </span>
     <span class='ocr_line' id='line_1_8' title="bbox 315 1010 1410 1096; baseline 0.006 -25"><span class='ocrx_word' id='word_1_56' title='bbox 315 1022 488 1094; x_wconf 85' lang='lat' dir='ltr'><strong>suspectam</strong></span> <span class='ocrx_word' id='word_1_57' title='bbox 512 1012 626 1095; x_wconf 81' lang='lat' dir='ltr'><strong>ingiter</strong></span> <span class='ocrx_word' id='word_1_58' title='bbox 646 1010 761 1073; x_wconf 86' lang='lat' dir='ltr'><strong>babens</strong></span> <span class='ocrx_word' id='word_1_59' title='bbox 783 1011 1012 1074; x_wconf 81' lang='lat' dir='ltr'><strong>multitudinem</strong></span> <span class='ocrx_word' id='word_1_60' title='bbox 1034 1014 1351 1096; x_wconf 83' lang='lat' dir='ltr'><strong>crucesignatorum,</strong></span> <span class='ocrx_word' id='word_1_61' title='bbox 1373 1026 1410 1078; x_wconf 89' lang='lat' dir='ltr'><strong>et</strong></span> 
     </span>
     <span class='ocr_line' id='line_1_9' title="bbox 314 1110 1407 1197; baseline 0.006 -26"><span class='ocrx_word' id='word_1_62' title='bbox 314 1112 442 1173; x_wconf 88' lang='lat' dir='ltr'><strong>militiae</strong></span> <span class='ocrx_word' id='word_1_63' title='bbox 460 1112 660 1193; x_wconf 81' lang='lat' dir='ltr'><strong>probitatem.</strong></span> <span class='ocrx_word' id='word_1_64' title='bbox 683 1110 777 1173; x_wconf 89' lang='lat' dir='ltr'><strong>Unde</strong></span> <span class='ocrx_word' id='word_1_65' title='bbox 794 1112 819 1171; x_wconf 86' lang='lat' dir='ltr'><strong>si</strong></span> <span class='ocrx_word' id='word_1_66' title='bbox 834 1112 1022 1197; x_wconf 88' lang='lat' dir='ltr'><strong>quandoque</strong></span> <span class='ocrx_word' id='word_1_67' title='bbox 1043 1134 1158 1175; x_wconf 88' lang='lat' dir='ltr'><strong>nocere</strong></span> <span class='ocrx_word' id='word_1_68' title='bbox 1178 1116 1317 1192; x_wconf 84' lang='lat' dir='ltr'><strong>cessavit,</strong></span> <span class='ocrx_word' id='word_1_69' title='bbox 1339 1138 1407 1178; x_wconf 90' lang='lat' dir='ltr'><strong>non</strong></span> 
     </span>
     <span class='ocr_line' id='line_1_10' title="bbox 315 1209 1407 1297; baseline 0.003 -28"><span class='ocrx_word' id='word_1_70' title='bbox 315 1209 377 1271; x_wconf 91' lang='lat' dir='ltr'><strong>hoc</strong></span> <span class='ocrx_word' id='word_1_71' title='bbox 397 1212 519 1273; x_wconf 84' lang='lat' dir='ltr'><strong>virtutis</strong></span> <span class='ocrx_word' id='word_1_72' title='bbox 542 1212 653 1287; x_wconf 83' lang='lat' dir='ltr'><strong>extitit,</strong></span> <span class='ocrx_word' id='word_1_73' title='bbox 672 1210 728 1273; x_wconf 89' lang='lat' dir='ltr'><strong>sed</strong></span> <span class='ocrx_word' id='word_1_74' title='bbox 751 1212 881 1272; x_wconf 88' lang='lat' dir='ltr'><strong>timoris.</strong></span> <span class='ocrx_word' id='word_1_75' title='bbox 925 1214 1020 1274; x_wconf 83' lang='lat' dir='ltr'><strong>Anno</strong></span> <span class='ocrx_word' id='word_1_76' title='bbox 1037 1236 1129 1274; x_wconf 79' lang='lat' dir='ltr'><strong>ucsrs.</strong></span> <span class='ocrx_word' id='word_1_77' title='bbox 1150 1214 1241 1274; x_wconf 89' lang='lat' dir='ltr'><strong>Tunc</strong></span> <span class='ocrx_word' id='word_1_78' title='bbox 1260 1216 1407 1297; x_wconf 84' lang='lat' dir='ltr'><strong>Impera.</strong></span> 
     </span>
     <span class='ocr_line' id='line_1_11' title="bbox 315 1310 1408 1394; baseline 0.002 -21"><span class='ocrx_word' id='word_1_79' title='bbox 315 1320 366 1373; x_wconf 86' lang='lat' dir='ltr'><strong>lor</strong></span> <span class='ocrx_word' id='word_1_80' title='bbox 378 1311 507 1389; x_wconf 83' lang='lat' dir='ltr'><strong>Alcxius,</strong></span> <span class='ocrx_word' id='word_1_81' title='bbox 530 1322 562 1373; x_wconf 86' lang='lat' dir='ltr'><strong>et</strong></span> <span class='ocrx_word' id='word_1_82' title='bbox 580 1310 728 1392; x_wconf 77' lang='lat' dir='ltr'><strong>proditor</strong></span> <span class='ocrx_word' id='word_1_83' title='bbox 742 1312 952 1394; x_wconf 86' lang='lat' dir='ltr'><strong>nequissimus,</strong></span> <span class='ocrx_word' id='word_1_84' title='bbox 973 1320 1154 1375; x_wconf 88' lang='lat' dir='ltr'><strong>nostrorum</strong></span> <span class='ocrx_word' id='word_1_85' title='bbox 1173 1312 1310 1375; x_wconf 87' lang='lat' dir='ltr'><strong>invidens</strong></span> <span class='ocrx_word' id='word_1_86' title='bbox 1330 1336 1408 1375; x_wconf 85' lang='lat' dir='ltr'><strong>suc.</strong></span> 
     </span>
     <span class='ocr_line' id='line_1_12' title="bbox 314 1410 1407 1496; baseline 0.001 -23"><span class='ocrx_word' id='word_1_87' title='bbox 314 1412 463 1489; x_wconf 80' lang='lat' dir='ltr'><strong>cassibus,</strong></span> <span class='ocrx_word' id='word_1_88' title='bbox 497 1410 606 1471; x_wconf 89' lang='lat' dir='ltr'><strong>Turcis</strong></span> <span class='ocrx_word' id='word_1_89' title='bbox 639 1410 834 1489; x_wconf 87' lang='lat' dir='ltr'><strong>infidelibus,</strong></span> <span class='ocrx_word' id='word_1_90' title='bbox 864 1432 924 1493; x_wconf 87' lang='lat' dir='ltr'><strong>per</strong></span> <span class='ocrx_word' id='word_1_91' title='bbox 956 1434 1091 1496; x_wconf 87' lang='lat' dir='ltr'><strong>quorum</strong></span> <span class='ocrx_word' id='word_1_92' title='bbox 1123 1423 1223 1475; x_wconf 85' lang='lat' dir='ltr'><strong>terras</strong></span> <span class='ocrx_word' id='word_1_93' title='bbox 1243 1415 1407 1495; x_wconf 80' lang='lat' dir='ltr'><strong>peregrini</strong></span> 
     </span>
     <span class='ocr_line' id='line_1_13' title="bbox 314 1510 1405 1594; baseline -0.003 -22"><span class='ocrx_word' id='word_1_94' title='bbox 314 1511 477 1573; x_wconf 85' lang='lat' dir='ltr'><strong>transituri</strong></span> <span class='ocrx_word' id='word_1_95' title='bbox 497 1520 596 1587; x_wconf 88' lang='lat' dir='ltr'><strong>erant,</strong></span> <span class='ocrx_word' id='word_1_96' title='bbox 617 1510 741 1572; x_wconf 87' lang='lat' dir='ltr'><strong>crebras</strong></span> <span class='ocrx_word' id='word_1_97' title='bbox 756 1512 924 1574; x_wconf 80' lang='lat' dir='ltr'><strong>transmisit</strong></span> <span class='ocrx_word' id='word_1_98' title='bbox 936 1513 1090 1594; x_wconf 79' lang='lat' dir='ltr'><strong>epistolas,</strong></span> <span class='ocrx_word' id='word_1_99' title='bbox 1109 1512 1274 1576; x_wconf 81' lang='lat' dir='ltr'><strong>exhortans</strong></span> <span class='ocrx_word' id='word_1_100' title='bbox 1296 1524 1405 1575; x_wconf 81' lang='lat' dir='ltr'><strong>alten.</strong></span> 
     </span>
     <span class='ocr_line' id='line_1_14' title="bbox 312 1610 1405 1694; baseline 0.002 -23"><span class='ocrx_word' id='word_1_101' title='bbox 312 1612 396 1689; x_wconf 81' lang='lat' dir='ltr'><strong>tius,</strong></span> <span class='ocrx_word' id='word_1_102' title='bbox 427 1631 466 1672; x_wconf 90' lang='lat' dir='ltr'><strong>ne</strong></span> <span class='ocrx_word' id='word_1_103' title='bbox 498 1619 619 1671; x_wconf 86' lang='lat' dir='ltr'><strong>tantum</strong></span> <span class='ocrx_word' id='word_1_104' title='bbox 639 1610 889 1672; x_wconf 86' lang='lat' dir='ltr'><strong>Christianorum</strong></span> <span class='ocrx_word' id='word_1_105' title='bbox 919 1611 1072 1694; x_wconf 86' lang='lat' dir='ltr'><strong>populum</strong></span> <span class='ocrx_word' id='word_1_106' title='bbox 1095 1612 1193 1674; x_wconf 86' lang='lat' dir='ltr'><strong>libere</strong></span> <span class='ocrx_word' id='word_1_107' title='bbox 1213 1614 1348 1675; x_wconf 86' lang='lat' dir='ltr'><strong>transire</strong></span> <span class='ocrx_word' id='word_1_108' title='bbox 1369 1617 1405 1675; x_wconf 93' lang='lat' dir='ltr'><strong>in</strong></span> 
     </span>
     <span class='ocr_line' id='line_1_15' title="bbox 310 1709 1298 1793; baseline -0.009 -19"><span class='ocrx_word' id='word_1_109' title='bbox 310 1732 396 1774; x_wconf 83' lang='lat' dir='ltr'><strong>suam</strong></span> <span class='ocrx_word' id='word_1_110' title='bbox 417 1709 586 1793; x_wconf 86' lang='lat' dir='ltr'><strong>perniciem</strong></span> <span class='ocrx_word' id='word_1_111' title='bbox 603 1719 799 1792; x_wconf 89' lang='lat' dir='ltr'><strong>paterentur.</strong></span> <span class='ocrx_word' id='word_1_112' title='bbox 1291 1783 1298 1791; x_wconf 17' lang='grc' dir='ltr'>λ</span> 
     </span>
    </p>

    <p class='ocr_par' dir='ltr' id='par_1_3' title="bbox 307 1812 1403 2173">
     <span class='ocr_line' id='line_1_16' title="bbox 393 1812 1403 1875; baseline -0.002 -3"><span class='ocrx_word' id='word_1_113' title='bbox 393 1812 609 1872; x_wconf 80' lang='lat' dir='ltr'><strong>Marraaar</strong></span> <span class='ocrx_word' id='word_1_114' title='bbox 641 1813 1119 1873; x_wconf 81' lang='lat' dir='ltr'><strong>Wasrrsonssrsursnsrs</strong></span> <span class='ocrx_word' id='word_1_115' title='bbox 1146 1830 1291 1873; x_wconf 80' lang='lat' dir='ltr'><strong>rannus</strong></span> <span class='ocrx_word' id='word_1_116' title='bbox 1325 1812 1403 1875; x_wconf 81' lang='lat' dir='ltr'><strong>Hs.</strong></span> 
     </span>
     <span class='ocr_line' id='line_1_17' title="bbox 309 1908 1403 1993; baseline 0 -22"><span class='ocrx_word' id='word_1_117' title='bbox 309 1930 421 1975; x_wconf 87' lang='lat' dir='ltr'><strong>sron.</strong></span> <span class='ocrx_word' id='word_1_118' title='bbox 439 1929 519 1973; x_wconf 79' lang='lat' dir='ltr'><strong>asro</strong></span> <span class='ocrx_word' id='word_1_119' title='bbox 543 1929 636 1972; x_wconf 80' lang='lat' dir='ltr'><strong>uror.</strong></span> <span class='ocrx_word' id='word_1_120' title='bbox 656 1908 777 1971; x_wconf 81' lang='lat' dir='ltr'><strong>Alexim</strong></span> <span class='ocrx_word' id='word_1_121' title='bbox 798 1918 876 1970; x_wconf 89' lang='lat' dir='ltr'><strong>tunc</strong></span> <span class='ocrx_word' id='word_1_122' title='bbox 894 1909 1046 1991; x_wconf 89' lang='lat' dir='ltr'><strong>temporis</strong></span> <span class='ocrx_word' id='word_1_123' title='bbox 1067 1910 1193 1970; x_wconf 89' lang='lat' dir='ltr'><strong>Graecis</strong></span> <span class='ocrx_word' id='word_1_124' title='bbox 1215 1910 1403 1993; x_wconf 78' lang='lat' dir='ltr'><strong>imperabat,</strong></span> 
     </span>
     <span class='ocr_line' id='line_1_18' title="bbox 310 2006 1400 2093; baseline -0.005 -21"><span class='ocrx_word' id='word_1_125' title='bbox 310 2011 359 2073; x_wconf 85' lang='lat' dir='ltr'><strong>vir</strong></span> <span class='ocrx_word' id='word_1_126' title='bbox 377 2009 501 2093; x_wconf 90' lang='lat' dir='ltr'><strong>quidem</strong></span> <span class='ocrx_word' id='word_1_127' title='bbox 522 2006 688 2089; x_wconf 88' lang='lat' dir='ltr'><strong>subdolus,</strong></span> <span class='ocrx_word' id='word_1_128' title='bbox 710 2016 742 2071; x_wconf 86' lang='lat' dir='ltr'><strong>et</strong></span> <span class='ocrx_word' id='word_1_129' title='bbox 770 2010 960 2071; x_wconf 87' lang='lat' dir='ltr'><strong>nostratibus</strong></span> <span class='ocrx_word' id='word_1_130' title='bbox 982 2030 1103 2092; x_wconf 86' lang='lat' dir='ltr'><strong>semper</strong></span> <span class='ocrx_word' id='word_1_131' title='bbox 1121 2030 1234 2093; x_wconf 84' lang='lat' dir='ltr'><strong>parans</strong></span> <span class='ocrx_word' id='word_1_132' title='bbox 1255 2032 1326 2072; x_wconf 88' lang='lat' dir='ltr'><strong>cum</strong></span> <span class='ocrx_word' id='word_1_133' title='bbox 1348 2012 1400 2071; x_wconf 88' lang='lat' dir='ltr'><strong>in.</strong></span> 
     </span>
     <span class='ocr_line' id='line_1_19' title="bbox 307 2110 642 2173; baseline -0.003 0"><span class='ocrx_word' id='word_1_134' title='bbox 307 2110 388 2173; x_wconf 89' lang='lat' dir='ltr'><strong>sidiis</strong></span> <span class='ocrx_word' id='word_1_135' title='bbox 409 2118 642 2172; x_wconf 83' lang='lat' dir='ltr'><strong>nocumentum.</strong></span> 
     </span>
    </p>

    <p class='ocr_par' dir='ltr' id='par_1_4' title="bbox 300 2205 1398 3581">
     <span class='ocr_line' id='line_1_20' title="bbox 390 2205 1398 2295; baseline -0.006 -23"><span class='ocrx_word' id='word_1_136' title='bbox 390 2210 490 2295; x_wconf 74' lang='lat' dir='ltr'><strong>Atque</strong></span> <span class='ocrx_word' id='word_1_137' title='bbox 511 2212 588 2273; x_wconf 82' lang='lat' dir='ltr'><strong>baec</strong></span> <span class='ocrx_word' id='word_1_138' title='bbox 609 2210 649 2271; x_wconf 86' lang='lat' dir='ltr'><strong>de</strong></span> <span class='ocrx_word' id='word_1_139' title='bbox 670 2207 780 2271; x_wconf 80' lang='lat' dir='ltr'><strong>Alexis&#39;</strong></span> <span class='ocrx_word' id='word_1_140' title='bbox 799 2205 934 2271; x_wconf 78' lang='lat' dir='ltr'><strong>moribus</strong></span> <span class='ocrx_word' id='word_1_141' title='bbox 954 2206 1047 2288; x_wconf 82' lang='lat' dir='ltr'><strong>vulgo</strong></span> <span class='ocrx_word' id='word_1_142' title='bbox 1067 2206 1159 2292; x_wconf 83' lang='lat' dir='ltr'><strong>opud</strong></span> <span class='ocrx_word' id='word_1_143' title='bbox 1179 2210 1305 2271; x_wconf 78' lang='lat' dir='ltr'><strong>Latinos</strong></span> <span class='ocrx_word' id='word_1_144' title='bbox 1324 2213 1398 2295; x_wconf 82' lang='lat' dir='ltr'><strong>opi.</strong></span> 
     </span>
     <span class='ocr_line' id='line_1_21' title="bbox 305 2308 1396 2394; baseline -0.004 -22"><span class='ocrx_word' id='word_1_145' title='bbox 305 2312 356 2373; x_wconf 87' lang='lat' dir='ltr'><strong>nio</strong></span> <span class='ocrx_word' id='word_1_146' title='bbox 376 2312 524 2372; x_wconf 81' lang='lat' dir='ltr'><strong>obtinuit:</strong></span> <span class='ocrx_word' id='word_1_147' title='bbox 555 2330 634 2372; x_wconf 85' lang='lat' dir='ltr'><strong>unus</strong></span> <span class='ocrx_word' id='word_1_148' title='bbox 654 2330 741 2394; x_wconf 83' lang='lat' dir='ltr'><strong>quem</strong></span> <span class='ocrx_word' id='word_1_149' title='bbox 762 2330 816 2389; x_wconf 78' lang='lat' dir='ltr'><strong>ego</strong></span> <span class='ocrx_word' id='word_1_150' title='bbox 835 2308 959 2388; x_wconf 76' lang='lat' dir='ltr'><strong>legerim</strong></span> <span class='ocrx_word' id='word_1_151' title='bbox 987 2309 1191 2369; x_wconf 74' lang='lat' dir='ltr'><strong>dannanus</strong></span> <span class='ocrx_word' id='word_1_152' title='bbox 1211 2310 1396 2371; x_wconf 75' lang='lat' dir='ltr'><strong>Canoni-</strong></span> 
     </span>
     <span class='ocr_line' id='line_1_22' title="bbox 306 2405 1397 2489; baseline -0.006 -16"><span class='ocrx_word' id='word_1_153' title='bbox 306 2431 373 2473; x_wconf 84' lang='lat' dir='ltr'><strong>cus</strong></span> <span class='ocrx_word' id='word_1_154' title='bbox 400 2412 624 2487; x_wconf 73' lang='lat' dir='ltr'><strong>bonensis,</strong></span> <span class='ocrx_word' id='word_1_155' title='bbox 655 2428 680 2470; x_wconf 86' lang='lat' dir='ltr'><strong>a</strong></span> <span class='ocrx_word' id='word_1_156' title='bbox 711 2408 871 2469; x_wconf 83' lang='lat' dir='ltr'><strong>Reincccio</strong></span> <span class='ocrx_word' id='word_1_157' title='bbox 891 2405 979 2467; x_wconf 77' lang='lat' dir='ltr'><strong>sindo</strong></span> <span class='ocrx_word' id='word_1_158' title='bbox 1006 2408 1140 2469; x_wconf 77' lang='lat' dir='ltr'><strong>chronici</strong></span> <span class='ocrx_word' id='word_1_159' title='bbox 1162 2408 1397 2489; x_wconf 54' lang='lat' dir='ltr'><strong>Hierosolymi-</strong></span> 
     </span>
     <span class='ocr_line' id='line_1_23' title="bbox 304 2506 1396 2595; baseline 0 -24"><span class='ocrx_word' id='word_1_160' title='bbox 304 2511 389 2585; x_wconf 85' lang='lat' dir='ltr'><strong>tuni,</strong></span> <span class='ocrx_word' id='word_1_161' title='bbox 409 2512 475 2571; x_wconf 83' lang='lat' dir='ltr'><strong>sine</strong></span> <span class='ocrx_word' id='word_1_162' title='bbox 493 2510 630 2572; x_wconf 85' lang='lat' dir='ltr'><strong>auctoris</strong></span> <span class='ocrx_word' id='word_1_163' title='bbox 649 2508 770 2567; x_wconf 72' lang='lat' dir='ltr'><strong>nemim</strong></span> <span class='ocrx_word' id='word_1_164' title='bbox 790 2506 902 2582; x_wconf 81' lang='lat' dir='ltr'><strong>editus,</strong></span> <span class='ocrx_word' id='word_1_165' title='bbox 922 2506 1107 2567; x_wconf 83' lang='lat' dir='ltr'><strong>commodius</strong></span> <span class='ocrx_word' id='word_1_166' title='bbox 1126 2507 1165 2568; x_wconf 86' lang='lat' dir='ltr'><strong>de</strong></span> <span class='ocrx_word' id='word_1_167' title='bbox 1184 2510 1238 2595; x_wconf 84' lang='lat' dir='ltr'><strong>illo</strong></span> <span class='ocrx_word' id='word_1_168' title='bbox 1257 2529 1318 2569; x_wconf 86' lang='lat' dir='ltr'><strong>non</strong></span> <span class='ocrx_word' id='word_1_169' title='bbox 1335 2531 1396 2571; x_wconf 84' lang='lat' dir='ltr'><strong>uno</strong></span> 
     </span>
     <span class='ocr_line' id='line_1_24' title="bbox 304 2606 1394 2690; baseline 0 -20"><span class='ocrx_word' id='word_1_170' title='bbox 304 2608 374 2670; x_wconf 84' lang='lat' dir='ltr'><strong>loco</strong></span> <span class='ocrx_word' id='word_1_171' title='bbox 405 2612 504 2671; x_wconf 83' lang='lat' dir='ltr'><strong>sensit.</strong></span> <span class='ocrx_word' id='word_1_172' title='bbox 553 2609 596 2667; x_wconf 88' lang='lat' dir='ltr'><strong>sic</strong></span> <span class='ocrx_word' id='word_1_173' title='bbox 621 2618 654 2666; x_wconf 88' lang='lat' dir='ltr'><strong>ut</strong></span> <span class='ocrx_word' id='word_1_174' title='bbox 683 2606 797 2667; x_wconf 83' lang='lat' dir='ltr'><strong>alicubi</strong></span> <span class='ocrx_word' id='word_1_175' title='bbox 817 2607 879 2665; x_wconf 72' lang='lat' dir='ltr'><strong>eriis</strong></span> <span class='ocrx_word' id='word_1_176' title='bbox 902 2606 1085 2690; x_wconf 79' lang='lat' dir='ltr'><strong>apolegetcm</strong></span> <span class='ocrx_word' id='word_1_177' title='bbox 1100 2608 1175 2685; x_wconf 73' lang='lat' dir='ltr'><strong>stre</strong></span> <span class='ocrx_word' id='word_1_178' title='bbox 1201 2629 1243 2668; x_wconf 78' lang='lat' dir='ltr'><strong>ex</strong></span> <span class='ocrx_word' id='word_1_179' title='bbox 1259 2610 1394 2690; x_wconf 82' lang='lat' dir='ltr'><strong>professo</strong></span> 
     </span>
     <span class='ocr_line' id='line_1_25' title="bbox 303 2706 1393 2789; baseline -0.004 -21"><span class='ocrx_word' id='word_1_180' title='bbox 303 2710 408 2789; x_wconf 82' lang='lat' dir='ltr'><strong>egerit,</strong></span> <span class='ocrx_word' id='word_1_181' title='bbox 430 2709 492 2768; x_wconf 83' lang='lat' dir='ltr'><strong>Lm.</strong></span> <span class='ocrx_word' id='word_1_182' title='bbox 507 2706 755 2767; x_wconf 79' lang='lat' dir='ltr'><strong>sass.Csr.xnv1.</strong></span> <span class='ocrx_word' id='word_1_183' title='bbox 778 2706 867 2766; x_wconf 87' lang='lat' dir='ltr'><strong>Fecit</strong></span> <span class='ocrx_word' id='word_1_184' title='bbox 887 2706 969 2768; x_wconf 89' lang='lat' dir='ltr'><strong>enim</strong></span> <span class='ocrx_word' id='word_1_185' title='bbox 989 2706 1070 2766; x_wconf 85' lang='lat' dir='ltr'><strong>iama</strong></span> <span class='ocrx_word' id='word_1_186' title='bbox 1093 2706 1122 2767; x_wconf 92' lang='lat' dir='ltr'><strong>in</strong></span> <span class='ocrx_word' id='word_1_187' title='bbox 1142 2708 1261 2789; x_wconf 90' lang='lat' dir='ltr'><strong>populo</strong></span> <span class='ocrx_word' id='word_1_188' title='bbox 1274 2708 1393 2769; x_wconf 74' lang='lat' dir='ltr'><strong>Catho-</strong></span> 
     </span>
     <span class='ocr_line' id='line_1_26' title="bbox 303 2806 1391 2891; baseline 0.001 -25"><span class='ocrx_word' id='word_1_189' title='bbox 303 2806 374 2885; x_wconf 88' lang='lat' dir='ltr'><strong>lico,</strong></span> <span class='ocrx_word' id='word_1_190' title='bbox 396 2806 481 2891; x_wconf 89' lang='lat' dir='ltr'><strong>quod</strong></span> <span class='ocrx_word' id='word_1_191' title='bbox 504 2806 595 2886; x_wconf 89' lang='lat' dir='ltr'><strong>ipsius</strong></span> <span class='ocrx_word' id='word_1_192' title='bbox 608 2806 809 2887; x_wconf 87' lang='lat' dir='ltr'><strong>Imperatoris</strong></span> <span class='ocrx_word' id='word_1_193' title='bbox 824 2806 957 2885; x_wconf 72' lang='lat' dir='ltr'><strong>(Alexis)</strong></span> <span class='ocrx_word' id='word_1_194' title='bbox 979 2806 1107 2867; x_wconf 89' lang='lat' dir='ltr'><strong>occultis</strong></span> <span class='ocrx_word' id='word_1_195' title='bbox 1123 2815 1155 2866; x_wconf 91' lang='lat' dir='ltr'><strong>et</strong></span> <span class='ocrx_word' id='word_1_196' title='bbox 1167 2807 1294 2887; x_wconf 86' lang='lat' dir='ltr'><strong>perfidis</strong></span> <span class='ocrx_word' id='word_1_197' title='bbox 1312 2828 1391 2867; x_wconf 91' lang='lat' dir='ltr'><strong>con-</strong></span> 
     </span>
     <span class='ocr_line' id='line_1_27' title="bbox 302 2902 1390 2988; baseline 0 -21"><span class='ocrx_word' id='word_1_198' title='bbox 302 2906 387 2984; x_wconf 90' lang='lat' dir='ltr'><strong>siliis,</strong></span> <span class='ocrx_word' id='word_1_199' title='bbox 409 2930 425 2967; x_wconf 90' lang='lat' dir='ltr'><strong>a</strong></span> <span class='ocrx_word' id='word_1_200' title='bbox 448 2906 562 2968; x_wconf 88' lang='lat' dir='ltr'><strong>comite</strong></span> <span class='ocrx_word' id='word_1_201' title='bbox 581 2902 766 2988; x_wconf 84' lang='lat' dir='ltr'><strong>Ileymundo</strong></span> <span class='ocrx_word' id='word_1_202' title='bbox 796 2913 829 2967; x_wconf 89' lang='lat' dir='ltr'><strong>et</strong></span> <span class='ocrx_word' id='word_1_203' title='bbox 850 2905 998 2967; x_wconf 86' lang='lat' dir='ltr'><strong>militibus</strong></span> <span class='ocrx_word' id='word_1_204' title='bbox 1019 2904 1218 2987; x_wconf 85' lang='lat' dir='ltr'><strong>Turcopulis‚</strong></span> <span class='ocrx_word' id='word_1_205' title='bbox 1240 2904 1390 2967; x_wconf 88' lang='lat' dir='ltr'><strong>deductus</strong></span> 
     </span>
     <span class='ocr_line' id='line_1_28' title="bbox 301 3002 1391 3087; baseline -0.002 -18"><span class='ocrx_word' id='word_1_206' title='bbox 301 3008 343 3070; x_wconf 88' lang='lat' dir='ltr'><strong>sit</strong></span> <span class='ocrx_word' id='word_1_207' title='bbox 362 3008 512 3069; x_wconf 84' lang='lat' dir='ltr'><strong>exercitus</strong></span> <span class='ocrx_word' id='word_1_208' title='bbox 532 3004 812 3087; x_wconf 82' lang='lat' dir='ltr'><strong>Longobardorum</strong></span> <span class='ocrx_word' id='word_1_209' title='bbox 826 3026 885 3086; x_wconf 88' lang='lat' dir='ltr'><strong>per</strong></span> <span class='ocrx_word' id='word_1_210' title='bbox 899 3002 1019 3065; x_wconf 87' lang='lat' dir='ltr'><strong>deserta</strong></span> <span class='ocrx_word' id='word_1_211' title='bbox 1039 3012 1072 3065; x_wconf 91' lang='lat' dir='ltr'><strong>et</strong></span> <span class='ocrx_word' id='word_1_212' title='bbox 1092 3004 1173 3065; x_wconf 88' lang='lat' dir='ltr'><strong>invia</strong></span> <span class='ocrx_word' id='word_1_213' title='bbox 1194 3015 1227 3066; x_wconf 93' lang='lat' dir='ltr'><strong>et</strong></span> <span class='ocrx_word' id='word_1_214' title='bbox 1246 3006 1391 3067; x_wconf 77' lang='lat' dir='ltr'><strong>solitudi-</strong></span> 
     </span>
     <span class='ocr_line' id='line_1_29' title="bbox 302 3102 1389 3193; baseline -0.002 -24"><span class='ocrx_word' id='word_1_215' title='bbox 302 3130 356 3171; x_wconf 85' lang='lat' dir='ltr'><strong>nes</strong></span> <span class='ocrx_word' id='word_1_216' title='bbox 376 3106 557 3191; x_wconf 76' lang='lat' dir='ltr'><strong>Flaganiae,</strong></span> <span class='ocrx_word' id='word_1_217' title='bbox 590 3114 625 3165; x_wconf 89' lang='lat' dir='ltr'><strong>ut</strong></span> <span class='ocrx_word' id='word_1_218' title='bbox 647 3105 746 3165; x_wconf 89' lang='lat' dir='ltr'><strong>illica</strong></span> <span class='ocrx_word' id='word_1_219' title='bbox 770 3104 879 3165; x_wconf 87' lang='lat' dir='ltr'><strong>Turcis</strong></span> <span class='ocrx_word' id='word_1_220' title='bbox 908 3102 996 3193; x_wconf 82' lang='lat' dir='ltr'><strong>facile</strong></span> <span class='ocrx_word' id='word_1_221' title='bbox 1015 3124 1092 3185; x_wconf 89' lang='lat' dir='ltr'><strong>prae</strong></span> <span class='ocrx_word' id='word_1_222' title='bbox 1111 3104 1191 3165; x_wconf 84' lang='lat' dir='ltr'><strong>fame</strong></span> <span class='ocrx_word' id='word_1_223' title='bbox 1212 3112 1245 3165; x_wconf 90' lang='lat' dir='ltr'><strong>et</strong></span> <span class='ocrx_word' id='word_1_224' title='bbox 1265 3106 1315 3167; x_wconf 89' lang='lat' dir='ltr'><strong>siti</strong></span> <span class='ocrx_word' id='word_1_225' title='bbox 1336 3128 1389 3167; x_wconf 81' lang='lat' dir='ltr'><strong>ex·</strong></span> 
     </span>
     <span class='ocr_line' id='line_1_30' title="bbox 301 3202 1388 3289; baseline -0.007 -20"><span class='ocrx_word' id='word_1_226' title='bbox 301 3208 435 3283; x_wconf 87' lang='lat' dir='ltr'><strong>haustus,</strong></span> <span class='ocrx_word' id='word_1_227' title='bbox 459 3215 620 3289; x_wconf 85' lang='lat' dir='ltr'><strong>superatus</strong></span> <span class='ocrx_word' id='word_1_228' title='bbox 642 3204 849 3266; x_wconf 87' lang='lat' dir='ltr'><strong>occideretur.</strong></span> <span class='ocrx_word' id='word_1_229' title='bbox 891 3202 1011 3265; x_wconf 90' lang='lat' dir='ltr'><strong>Verum</strong></span> <span class='ocrx_word' id='word_1_230' title='bbox 1023 3213 1059 3265; x_wconf 89' lang='lat' dir='ltr'><strong>ut</strong></span> <span class='ocrx_word' id='word_1_231' title='bbox 1078 3226 1095 3264; x_wconf 91' lang='lat' dir='ltr'><strong>a</strong></span> <span class='ocrx_word' id='word_1_232' title='bbox 1114 3204 1258 3267; x_wconf 85' lang='lat' dir='ltr'><strong>veridicis</strong></span> <span class='ocrx_word' id='word_1_233' title='bbox 1272 3214 1305 3267; x_wconf 88' lang='lat' dir='ltr'><strong>et</strong></span> <span class='ocrx_word' id='word_1_234' title='bbox 1327 3226 1388 3267; x_wconf 92' lang='lat' dir='ltr'><strong>no.</strong></span> 
     </span>
     <span class='ocr_line' id='line_1_31' title="bbox 300 3302 1386 3387; baseline -0.006 -18"><span class='ocrx_word' id='word_1_235' title='bbox 300 3306 412 3369; x_wconf 86' lang='lat' dir='ltr'><strong>bilibus</strong></span> <span class='ocrx_word' id='word_1_236' title='bbox 433 3306 506 3368; x_wconf 88' lang='lat' dir='ltr'><strong>viris</strong></span> <span class='ocrx_word' id='word_1_237' title='bbox 529 3306 660 3367; x_wconf 87' lang='lat' dir='ltr'><strong>relatum</strong></span> <span class='ocrx_word' id='word_1_238' title='bbox 673 3312 727 3379; x_wconf 84' lang='lat' dir='ltr'><strong>est,</strong></span> <span class='ocrx_word' id='word_1_239' title='bbox 752 3324 947 3387; x_wconf 87' lang='lat' dir='ltr'><strong>nequaqnam</strong></span> <span class='ocrx_word' id='word_1_240' title='bbox 958 3302 1019 3364; x_wconf 90' lang='lat' dir='ltr'><strong>hoc</strong></span> <span class='ocrx_word' id='word_1_241' title='bbox 1031 3303 1164 3365; x_wconf 85' lang='lat' dir='ltr'><strong>nefando</strong></span> <span class='ocrx_word' id='word_1_242' title='bbox 1179 3304 1295 3367; x_wconf 88' lang='lat' dir='ltr'><strong>scelere</strong></span> <span class='ocrx_word' id='word_1_243' title='bbox 1317 3305 1386 3366; x_wconf 91' lang='lat' dir='ltr'><strong>cul.</strong></span> 
     </span>
     <span class='ocr_line' id='line_1_32' title="bbox 301 3402 1386 3490; baseline -0.002 -23"><span class='ocrx_word' id='word_1_244' title='bbox 301 3406 420 3490; x_wconf 91' lang='lat' dir='ltr'><strong>pandus</strong></span> <span class='ocrx_word' id='word_1_245' title='bbox 442 3412 520 3467; x_wconf 87' lang='lat' dir='ltr'><strong>erat.</strong></span> <span class='ocrx_word' id='word_1_246' title='bbox 561 3404 637 3465; x_wconf 81' lang='lat' dir='ltr'><strong>Nam</strong></span> <span class='ocrx_word' id='word_1_247' title='bbox 650 3402 770 3485; x_wconf 86' lang='lat' dir='ltr'><strong>saepius</strong></span> <span class='ocrx_word' id='word_1_248' title='bbox 791 3402 960 3465; x_wconf 82' lang='lat' dir='ltr'><strong>exercitum</strong></span> <span class='ocrx_word' id='word_1_249' title='bbox 980 3404 1186 3485; x_wconf 88' lang='lat' dir='ltr'><strong>praemonuit,</strong></span> <span class='ocrx_word' id='word_1_250' title='bbox 1206 3414 1238 3465; x_wconf 92' lang='lat' dir='ltr'><strong>et</strong></span> <span class='ocrx_word' id='word_1_251' title='bbox 1259 3402 1386 3465; x_wconf 88' lang='lat' dir='ltr'><strong>edocuit</strong></span> 
     </span>
     <span class='ocr_line' id='line_1_33' title="bbox 301 3501 1386 3581; baseline -0.006 -14"><span class='ocrx_word' id='word_1_252' title='bbox 301 3506 479 3567; x_wconf 83' lang='lat' dir='ltr'><strong>solitudines</strong></span> <span class='ocrx_word' id='word_1_253' title='bbox 500 3512 532 3566; x_wconf 87' lang='lat' dir='ltr'><strong>et</strong></span> <span class='ocrx_word' id='word_1_254' title='bbox 547 3503 745 3581; x_wconf 82' lang='lat' dir='ltr'><strong>defectiones,</strong></span> <span class='ocrx_word' id='word_1_255' title='bbox 767 3511 799 3565; x_wconf 91' lang='lat' dir='ltr'><strong>et</strong></span> <span class='ocrx_word' id='word_1_256' title='bbox 809 3506 987 3565; x_wconf 85' lang='lat' dir='ltr'><strong>Turcornrn</strong></span> <span class='ocrx_word' id='word_1_257' title='bbox 1010 3501 1129 3565; x_wconf 88' lang='lat' dir='ltr'><strong>iusidias</strong></span> <span class='ocrx_word' id='word_1_258' title='bbox 1151 3503 1183 3562; x_wconf 93' lang='lat' dir='ltr'><strong>in</strong></span> <span class='ocrx_word' id='word_1_259' title='bbox 1205 3503 1292 3565; x_wconf 88' lang='lat' dir='ltr'><strong>inviis</strong></span> <span class='ocrx_word' id='word_1_260' title='bbox 1312 3503 1386 3563; x_wconf 85' lang='lat' dir='ltr'><strong>Fla.</strong></span> 
     </span>
    </p>
   </div>
   <div class='ocr_carea' id='block_1_3' title="bbox 298 3602 1385 4185">
    <p class='ocr_par' dir='ltr' id='par_1_5' title="bbox 298 3602 1385 4185">
     <span class='ocr_line' id='line_1_34' title="bbox 301 3602 1385 3688; baseline 0.001 -24"><span class='ocrx_word' id='word_1_261' title='bbox 301 3605 419 3688; x_wconf 80' lang='lat' dir='ltr'><strong>ganisa,</strong></span> <span class='ocrx_word' id='word_1_262' title='bbox 441 3615 472 3667; x_wconf 83' lang='lat' dir='ltr'><strong>et</strong></span> <span class='ocrx_word' id='word_1_263' title='bbox 495 3604 564 3666; x_wconf 89' lang='lat' dir='ltr'><strong>ideo</strong></span> <span class='ocrx_word' id='word_1_264' title='bbox 584 3626 636 3665; x_wconf 89' lang='lat' dir='ltr'><strong>eos</strong></span> <span class='ocrx_word' id='word_1_265' title='bbox 657 3626 717 3665; x_wconf 94' lang='lat' dir='ltr'><strong>non</strong></span> <span class='ocrx_word' id='word_1_266' title='bbox 739 3624 846 3665; x_wconf 88' lang='lat' dir='ltr'><strong>secure</strong></span> <span class='ocrx_word' id='word_1_267' title='bbox 867 3612 899 3665; x_wconf 89' lang='lat' dir='ltr'><strong>et</strong></span> <span class='ocrx_word' id='word_1_268' title='bbox 917 3613 1001 3665; x_wconf 91' lang='lat' dir='ltr'><strong>tutos</strong></span> <span class='ocrx_word' id='word_1_269' title='bbox 1022 3602 1174 3684; x_wconf 88' lang='lat' dir='ltr'><strong>perhanc</strong></span> <span class='ocrx_word' id='word_1_270' title='bbox 1196 3604 1276 3663; x_wconf 85' lang='lat' dir='ltr'><strong>viam</strong></span> <span class='ocrx_word' id='word_1_271' title='bbox 1296 3623 1385 3685; x_wconf 88' lang='lat' dir='ltr'><strong>posse</strong></span> 
     </span>
     <span class='ocr_line' id='line_1_35' title="bbox 300 3702 1384 3785; baseline -0.006 -20"><span class='ocrx_word' id='word_1_272' title='bbox 300 3706 452 3767; x_wconf 83' lang='lat' dir='ltr'><strong>incedere.</strong></span> <span class='ocrx_word' id='word_1_273' title='bbox 495 3708 569 3767; x_wconf 85' lang='lat' dir='ltr'><strong>Car.</strong></span> <span class='ocrx_word' id='word_1_274' title='bbox 584 3726 677 3765; x_wconf 82' lang='lat' dir='ltr'><strong>xavn.</strong></span> <span class='ocrx_word' id='word_1_275' title='bbox 693 3705 870 3785; x_wconf 81' lang='lat' dir='ltr'><strong>imperator</strong></span> <span class='ocrx_word' id='word_1_276' title='bbox 889 3705 1040 3781; x_wconf 65' lang='lat' dir='ltr'><strong>(Alenus)</strong></span> <span class='ocrx_word' id='word_1_277' title='bbox 1061 3706 1233 3765; x_wconf 87' lang='lat' dir='ltr'><strong>universam</strong></span> <span class='ocrx_word' id='word_1_278' title='bbox 1253 3702 1384 3785; x_wconf 88' lang='lat' dir='ltr'><strong>petitio.</strong></span> 
     </span>
     <span class='ocr_line' id='line_1_36' title="bbox 299 3802 1382 3886; baseline -0.001 -21"><span class='ocrx_word' id='word_1_279' title='bbox 299 3826 369 3866; x_wconf 89' lang='lat' dir='ltr'><strong>nem</strong></span> <span class='ocrx_word' id='word_1_280' title='bbox 389 3804 486 3885; x_wconf 76' lang='lat' dir='ltr'><strong>Regis,</strong></span> <span class='ocrx_word' id='word_1_281' title='bbox 506 3826 576 3866; x_wconf 89' lang='lat' dir='ltr'><strong>cum</strong></span> <span class='ocrx_word' id='word_1_282' title='bbox 596 3804 776 3867; x_wconf 86' lang='lat' dir='ltr'><strong>muneribus</strong></span> <span class='ocrx_word' id='word_1_283' title='bbox 796 3804 854 3864; x_wconf 89' lang='lat' dir='ltr'><strong>sibi</strong></span> <span class='ocrx_word' id='word_1_284' title='bbox 867 3805 1078 3886; x_wconf 86' lang='lat' dir='ltr'><strong>praesentatis,</strong></span> <span class='ocrx_word' id='word_1_285' title='bbox 1097 3803 1130 3863; x_wconf 92' lang='lat' dir='ltr'><strong>iu</strong></span> <span class='ocrx_word' id='word_1_286' title='bbox 1149 3802 1233 3864; x_wconf 90' lang='lat' dir='ltr'><strong>bono</strong></span> <span class='ocrx_word' id='word_1_287' title='bbox 1253 3804 1382 3885; x_wconf 88' lang='lat' dir='ltr'><strong>accepit,</strong></span> 
     </span>
     <span class='ocr_line' id='line_1_37' title="bbox 299 3900 1383 3986; baseline -0.003 -20"><span class='ocrx_word' id='word_1_288' title='bbox 299 3904 390 3966; x_wconf 87' lang='lat' dir='ltr'><strong>etde</strong></span> <span class='ocrx_word' id='word_1_289' title='bbox 412 3903 497 3964; x_wconf 89' lang='lat' dir='ltr'><strong>omni</strong></span> <span class='ocrx_word' id='word_1_290' title='bbox 521 3904 694 3986; x_wconf 89' lang='lat' dir='ltr'><strong>suspicione</strong></span> <span class='ocrx_word' id='word_1_291' title='bbox 717 3904 799 3964; x_wconf 89' lang='lat' dir='ltr'><strong>necis</strong></span> <span class='ocrx_word' id='word_1_292' title='bbox 808 3902 1101 3986; x_wconf 81' lang='lat' dir='ltr'><strong>Langobardorum,</strong></span> <span class='ocrx_word' id='word_1_293' title='bbox 1123 3923 1216 3984; x_wconf 88' lang='lat' dir='ltr'><strong>quam</strong></span> <span class='ocrx_word' id='word_1_294' title='bbox 1239 3900 1383 3963; x_wconf 84' lang='lat' dir='ltr'><strong>adversus</strong></span> 
     </span>
     <span class='ocr_line' id='line_1_38' title="bbox 298 4002 1381 4080; baseline -0.003 -16"><span class='ocrx_word' id='word_1_295' title='bbox 298 4024 370 4064; x_wconf 87' lang='lat' dir='ltr'><strong>eum</strong></span> <span class='ocrx_word' id='word_1_296' title='bbox 392 4002 558 4063; x_wconf 82' lang='lat' dir='ltr'><strong>Christiani</strong></span> <span class='ocrx_word' id='word_1_297' title='bbox 578 4004 744 4080; x_wconf 76' lang='lat' dir='ltr'><strong>habebant,</strong></span> <span class='ocrx_word' id='word_1_298' title='bbox 766 4004 977 4065; x_wconf 87' lang='lat' dir='ltr'><strong>iusiurandum</strong></span> <span class='ocrx_word' id='word_1_299' title='bbox 991 4004 1022 4065; x_wconf 91' lang='lat' dir='ltr'><strong>in</strong></span> <span class='ocrx_word' id='word_1_300' title='bbox 1039 4002 1098 4064; x_wconf 89' lang='lat' dir='ltr'><strong>Dei</strong></span> <span class='ocrx_word' id='word_1_301' title='bbox 1113 4002 1238 4063; x_wconf 87' lang='lat' dir='ltr'><strong>nomine</strong></span> <span class='ocrx_word' id='word_1_302' title='bbox 1258 4002 1381 4079; x_wconf 83' lang='lat' dir='ltr'><strong>faciens,</strong></span> 
     </span>
     <span class='ocr_line' id='line_1_39' title="bbox 298 4100 1382 4185; baseline -0.002 -21"><span class='ocrx_word' id='word_1_303' title='bbox 298 4125 330 4167; x_wconf 89' lang='lat' dir='ltr'><strong>se</strong></span> <span class='ocrx_word' id='word_1_304' title='bbox 350 4102 521 4179; x_wconf 83' lang='lat' dir='ltr'><strong>excusavit,</strong></span> <span class='ocrx_word' id='word_1_305' title='bbox 546 4105 734 4185; x_wconf 89' lang='lat' dir='ltr'><strong>promittens</strong></span> <span class='ocrx_word' id='word_1_306' title='bbox 766 4126 799 4167; x_wconf 90' lang='lat' dir='ltr'><strong>se</strong></span> <span class='ocrx_word' id='word_1_307' title='bbox 829 4103 939 4167; x_wconf 90' lang='lat' dir='ltr'><strong>deinde</strong></span> <span class='ocrx_word' id='word_1_308' title='bbox 972 4103 1114 4165; x_wconf 86' lang='lat' dir='ltr'><strong>omnibus</strong></span> <span class='ocrx_word' id='word_1_309' title='bbox 1148 4100 1382 4164; x_wconf 87' lang='lat' dir='ltr'><strong>misericordem</strong></span> 
     </span>
    </p>
   </div>
   <div class='ocr_carea' id='block_1_4' title="bbox 0 0 1526 4909">
    <p class='ocr_par' dir='ltr' id='par_1_6' title="bbox 0 0 1526 4909">
     <span class='ocr_line' id='line_1_40' title="bbox 0 0 1526 4909; baseline 0 8"><span class='ocrx_word' id='word_1_310' title='bbox 0 0 1526 4909; x_wconf 95' lang='lat' dir='ltr'><strong> </strong></span> 
     </span>
    </p>
   </div>
  </div>
 </body>
</html>
