3042 4909
314 229 401 339 υῠλΙ
655 254 793 316 Auula
832 251 1056 315 conuiuis:

309 407 392 471 oreis
420 404 518 487 ἁγίων
539 406 702 484 πατέρων,
735 400 875 479 μάλιστα
899 403 934 465 δὲ
960 404 1017 465 rosi
1042 400 1220 486 φιλοσόφου
1243 401 1405 480 Μαξίμου

306 508 364 570 καί
382 502 556 586 μάρτυρος.
600 500 786 565 ἐσπουδάκει
807 502 869 585 γάρ
899 503 939 564 od
961 500 1109 574 τοσοῦτον
1127 497 1204 583 περί
1226 498 1282 576 τάς
1301 520 1402 583 φυσι-

307 602 364 678 κάς
385 602 584 685 συζητησεις,
608 598 722 665 ὁπόσον
749 604 825 682 περί
841 600 880 665 τά
904 600 1068 683 δόγματα,
1085 597 1142 683 την
1163 591 1261 675 όντως
1282 595 1403 682 σοφίαν

305 704 508 785 καρποῦσθαι
528 703 716 783 βουλομένη.
769 704 826 763 καί
842 723 895 780 μοι
920 695 1067 773 πολλάκις
1088 698 1269 779 θαυμάζειν
1289 694 1399 783 ἐπῄει,

272 798 361 865 nsua*
379 800 590 883 θαυμάζουσα
610 796 693 883 ἔφην
721 802 796 864 ποτὲ
814 798 893 882 πρός
914 796 1013 881 adripe
1043 799 1139 873 “noia
1159 796 1298 863 ου’τόθεν
1318 794 1433 879 πρός5

303 904 450 965 τοσοῦτον
483 895 566 980 όίγος
599 899 806 980 α’πὲβλεψαςς
832 896 930 980 ἔγωγε
958 900 1088 980 τρέμω,
1120 895 1177 961 καί
1198 891 1270 959 οὐδ’
1287 887 1400 979 άκροις

304 998 381 1064 ω’σίν
403 999 575 1079 α’ποτολμοό
595 996 714 1064 τούτων
734 999 866 1063 ἐπαΐειν.
912 995 946 1061 τό
968 994 1028 1080 γάρ
1048 993 1132 1061 πάνυ
1145 993 1342 1081 θεωρητικόν
1363 1017 1398 1057 τε

302 1098 359 1163 κατ’
379 1094 487 1181 νοερὸν
519 1098 577 1161 rosi
597 1092 745 1180 fu’sdpdc,
773 1090 817 1171 τός
840 1119 957 1182 φασιν,
987 1092 1105 1179 ὶλιγγον
1124 1099 1299 1179 παρέχεται
1329 1101 1397 1168 τοῖς

303 1194 600 1280 άναγινοόσκουσιν.”
640 1194 660 1280 ἦ
682 1198 718 1260 δὲ
738 1195 934 1275 μειδιάσασα
955 1190 1018 1279 ἔφη
1037 1192 1227 1278 “ε’παινετη“ν
1246 1187 1319 1256 οἶδα
1339 1190 1398 1275 τὴν

205 1304 231 1357 P.
247 1308 292 1376 ιλιι
304 1295 422 1361 δειλίαν
450 1291 589 1378 ταότην·
639 1295 694 1359 καί
715 1294 785 1359 οὐδ’
807 1291 888 1377 αὕτη
918 1293 1063 1378 άτρὲμας
1081 1302 1150 1369 ταῖς
1168 1295 1291 1375 βίβλοις
1315 1292 1394 1356 rosi.
1410 1322 1449 1361 μ,

301 1418 370 1471 ταις
391 1394 548 1479 πρόσειμι.
566 1394 672 1458 ··’·όλλ’
692 1387 779 1473 ὅμως
812 1392 1023 1457 ἀποσπᾶσθαι
1043 1391 1160 1457 τοότων
1180 1388 1218 1456 sai
1242 1388 1393 1471 όόναμαι.

300 1496 341 1560 osi
365 1496 401 1560 όὲ
416 1517 473 1574 μοι
491 1493 606 1576 μικρόν
626 1487 815 1575 άνάμεινον,
847 1495 905 1557 καί
923 1498 995 1565 ταῖς
1025 1483 1135 1569 άλλαις
1156 1492 1323 1575 όγκυψασα
1340 1493 1393 1571 βί-

299 1599 387 1674 βλοις
407 1588 573 1676 πρότερον,
597 1596 651 1655 καί
670 1592 724 1675 τῆς
742 1592 862 1656 τούτων
875 1586 1042 1673 άπογεόσοι
1061 1588 1248 1675 ἧδότητος.”
1272 1586 1394 1673 ἔτρωσέ

298 1713 362 1773 μου
384 1690 440 1773 τὴν
460 1692 594 1772 καρδίαν
615 1688 635 1770 η’
653 1692 716 1752 ταῖν
739 1688 899 1773 ῥηθέντων
920 1687 1044 1774 μνη’μη,
1066 1689 1121 1752 καί
1141 1684 1247 1773 ὥσπερ
1267 1689 1314 1763 εἷς
1335 1692 1391 1752 πέ-

299 1798 392 1871 λαγος
414 1780 519 1853 ἄλλων
539 1786 738 1873 διηγημάτων
759 1790 958 1867 ennemase.
1003 1788 1084 1853 α’λλά
1103 1810 1146 1870 με
1166 1788 1284 1869 θεσμός
1304 1786 1393 1853 ἱστο·
1406 1791 1446 1853 sb

300 1892 373 1973 ρίας
393 1890 550 1972 ἀπείργει·
592 1885 684 1951 ἔνθεν
705 1908 751 1952 τοι
775 1886 830 1951 καί
847 1886 928 1970 πρός
946 1886 985 1951 τά
1000 1886 1079 1951 κατά
1100 1884 1156 1952 τόν
1169 1885 1294 1953 Ἰταλόν
1315 1890 1392 1951 α’να-

299 1990 438 2069 τρεχέτω
459 1985 475 2050 ό
497 1983 595 2069 λόγος.
648 1989 682 2051 ἐν
703 1984 828 2060 τούτοις
849 1977 905 2050 osis
933 1993 999 2062 τοῖς
1020 1979 1144 2051 άνονθεν
1163 1986 1311 2074 ῥηθεῖσιν
1330 1985 1390 2051 αό-

299 2089 358 2150 roei
376 2090 538 2171 μαθηταῖς
558 2082 709 2165 α’κμάζων
730 2082 887 2167 άἸταλός,
907 2088 986 2151 πᾶσι
998 2089 1277 2172 καταφρονητικῶς
1294 2110 1390 2170 προσ-

271 2187 451 2271 Βειρέρετο,
482 2184 558 2258 τοός
586 2182 721 2259 πολλοὺς
737 2186 802 2249 τῶν
830 2184 973 2267 άνοήτων
992 2182 1072 2269 πρός
1088 2188 1259 2268 άνταρσίοις
1278 2186 1389 2251 τίνοντ-

301 2286 365 2349 νοόν
388 2282 444 2348 καί
462 2280 636 2368 τυράννους
655 2285 691 2347 ἐκ
714 2284 777 2348 τοῖν
795 2285 918 2348 οἰκείων
929 2285 1084 2367 μαθητῶν
1105 2284 1163 2347 osia
1174 2282 1299 2366 όλίγοας
1312 2283 1445 2351 duo-20

300 2382 464 2458 καθιστάς.
508 2384 562 2447 καί
582 2375 669 2464 εἶχον
689 2378 824 2456 πολλοός
840 2384 1048 2468 προσφέρειν,
1069 2387 1102 2449 el
1119 2382 1165 2468 μὴ
1187 2382 1205 2448 ό
1221 2380 1337 2468 χρόνος
1348 2407 1393 2463 με

301 2478 360 2565 την
377 2480 505 2567 μνήμην
531 2479 690 2567 α’φείλετο.
742 2477 823 2547 άλλά
851 2482 951 2546 ταῦτα
970 2484 1030 2563 μὲν
1049 2474 1132 2565 ἦσαν
1152 2481 1215 2569 πρό
1235 2485 1293 2548 rori
1313 2484 1391 2549 άνα-

370 2685 397 2735 6.
415 2681 573 2805 &adelegem
592 2682 632 2745 G,
649 2684 800 2755 ἐπίβλεψας
815 2686 842 2735 P.
919 2687 957 2739 15.
976 2684 1067 2741 ἄλλων
1087 2686 1124 2749 C,
1145 2683 1275 2742 tuere.
1351 2690 1389 2741 sd.

367 2752 549 2813 Ἰταλικάς.
639 2774 678 2825 sq.
701 2755 905 2830 άνταρσιαςΔ,
921 2755 1078 2826 αὐταροιας
1094 2754 1147 2809 PG.
1235 2776 1276 2813 ao.
1294 2762 1390 2829 μαθπ·

369 2824 426 2879 τοῖν
439 2826 478 2888 Α,
495 2823 673 2897 μαθημάτων
692 2826 745 2879 PG.
838 2842 881 2878 aa.
899 2827 1031 2899 μνήμηνε
1046 2828 1138 2893 λύπην
1153 2829 1185 2880 Α.

297 2996 457 3067 praesertim
481 2994 591 3049 Maximi
620 2998 778 3068 philosophi
803 3006 886 3068 atque
921 3000 1061 3066 martyris,
1091 3013 1173 3069 opera
1200 3005 1388 3068 pertractasse.

299 3065 487 3118 delectabatur
505 3068 578 3119 enim
594 3084 650 3121 non
670 3078 725 3121 tam
737 3070 928 3139 quaestionum
945 3070 1118 3134 naturalium,
1137 3086 1217 3140 quam
1236 3069 1389 3139 dogmatum

299 3137 529 3207 perscrutatione,
557 3154 648 3190 veram
676 3157 705 3191 sa
724 3140 837 3191 lentiam
856 3143 996 3211 percipere
1014 3140 1135 3211 cupiens.
1163 3156 1196 3191 ac
1224 3157 1305 3210 saepe
1322 3141 1390 3192 banc

299 3207 439 3271 admirata,
457 3206 607 3278 aliquando
625 3218 642 3243 ‘⁶
651 3156 727 3279 quid,
744 3208 909 3279 inquiebam,
922 3220 1021 3282 sponte
1033 3213 1152 3263 animum
1162 3210 1198 3261 ad
1210 3220 1314 3263 tantm
1326 3211 1391 3265 sub-

298 3278 443 3331 limitatem
458 3277 601 3332 adiecisti?
620 3278 748 3349 equidem
760 3288 858 3344 tremo,
872 3298 903 3334 ac
922 3298 959 3335 ne
972 3283 1082 3334 summis
1091 3282 1203 3353 quidem
1216 3281 1327 3333 auribus
1340 3282 1392 3334 ista

297 3350 440 3419 percipere
460 3348 557 3401 audeo.
585 3366 648 3401 nam
666 3352 877 3419 contemplativa
901 3352 950 3403 illa
975 3360 1004 3404 et
1028 3351 1137 3403 subtilis
1165 3352 1248 3421 plane
1274 3352 1392 3405 bominis

299 3421 385 3471 oratio
404 3420 580 3489 vertiginem,
608 3428 640 3471 ut
656 3420 750 3484 aiunt,
776 3424 855 3473 affert
871 3422 1050 3490 legentibus.''
1069 3422 1189 3474 adhaec
1206 3422 1326 3474 arridens
1344 3423 1392 3474 illa

299 3488 502 3555 “laudabilem‚
529 3490 636 3559 inquit,
661 3499 764 3542 metum
782 3492 865 3544 istum
893 3493 968 3557 scio;
998 3508 1088 3563 neque
1118 3494 1178 3563 ipsa
1197 3496 1256 3544 aine
1274 3502 1391 3547 tremore

300 3559 335 3611 ad
355 3560 438 3613 libros
459 3559 508 3611 hos
537 3559 645 3612 accedo.
679 3568 771 3614 tamen
790 3562 871 3614 avelli
889 3560 924 3613 ab
944 3563 977 3614 iis
994 3578 1112 3633 nequeo.
1133 3572 1163 3616 tu
1184 3580 1249 3615 vero
1267 3574 1392 3634 exspecta

299 3631 462 3700 paullisper:
479 3629 528 3681 ubi
545 3638 649 3684 ceteros
666 3632 743 3701 prius
761 3632 847 3686 libros
863 3634 1005 3703 cognoris,
1021 3635 1103 3687 etiam
1118 3633 1215 3686 borum
1234 3637 1392 3689 suavitatem

299 3700 456 3769 percipies.”
485 3701 617 3770 percussit
633 3701 700 3754 mihi
729 3719 777 3754 cor
799 3704 896 3756 borum
923 3706 1053 3757 memoria
1080 3705 1231 3769 dictorum,
1260 3716 1288 3759 et
1335 3708 1393 3759 nasi

300 3772 328 3821 in
346 3772 459 3823 aliarum
478 3788 565 3823 rernm
583 3772 775 3827 narrandarum
793 3776 905 3846 pelagus
931 3775 1025 3829 incidi.
1042 3775 1092 3828 sed
1108 3775 1220 3829 cohibet
1237 3776 1282 3829 lex
1303 3776 1392 3829 basto-

300 3841 375 3905 τότε,
404 3850 569 3924 quapropter
593 3842 629 3895 ad
654 3845 754 3896 Italum
775 3847 863 3898 oratio
888 3845 991 3901 redeat
1009 3847 1032 3899 is
1043 3848 1125 3916 igitur
1141 3864 1201 3899 cum
1222 3847 1391 3912 interillos,

300 3926 368 3979 quos
394 3910 470 3973 dixi,
490 3912 638 3983 discipulos
663 3931 785 3984 regnans,
803 3932 898 3971 omnes
914 3932 965 3987 per
983 3925 1149 3969 contemtum
1171 3925 1309 3979 tractaret,
1332 3918 1392 3986 ple-

300 3996 397 4049 rosque
415 3982 487 4033 male
505 4000 630 4037 sanorum
645 3984 678 4037 ad
692 3986 870 4039 rebellionem
884 3989 1038 4050 concitavit,
1054 3996 1239 4059 tyrannosque
1257 3988 1393 4057 exipsius

241 4076 246 4086 ·
300 4049 441 4121 discipulis
469 4068 524 4106 non
549 4070 650 4125 paucos
669 4055 800 4122 reddidit3
822 4073 939 4127 qnorum
956 4059 1065 4129 quidem
1081 4058 1181 4111 multos
1202 4058 1309 4110 adierre
1328 4075 1392 4128 pos-

301 4136 370 4189 sem,
398 4122 450 4177 nisi
476 4126 631 4179 memoriam
650 4134 755 4199 tempus
775 4127 928 4184 delevisset
959 4130 1006 4184 sed
1024 4128 1092 4183 baec
1109 4128 1284 4195 acciderunt,
1302 4130 1392 4202 prius-
