3042 4909
285 323 378 385 san
612 322 776 385 nnuma
806 320 1046 413 nossent-:tn

286 496 357 536 rum
379 474 513 554 malitia,
543 484 576 539 et
596 498 729 561 nequam
757 474 883 537 illorum
905 476 1060 559 Principis
1083 475 1166 537 Iruus
1187 485 1218 538 et
1239 477 1385 539 circnm-

285 576 391 637 sentio
411 576 571 659 pertinax,
591 561 721 638 mdxime
752 598 823 637 cum
853 598 928 659 erqn
957 598 1008 638 eos
1029 586 1117 637 tanta
1138 576 1330 639 liberalitate
1351 589 1387 642 et

286 672 429 737 simulata
456 677 556 761 gratia
577 674 777 738 redundaret.
827 676 899 742 Car.
915 698 961 738 ιι.
983 679 1097 760 Sicque
1117 676 1261 760 quotidie
1283 679 1386 761 magis

286 786 318 839 et
340 777 434 861 magis
456 780 649 840 Graecorum
672 775 772 854 dolus,
790 784 823 838 et
842 776 927 837 fraus
943 776 1144 859 Imperatoris
1163 778 1302 857 (Alexis)
1327 780 1385 841 de·

287 876 472 959 tegebatur,
500 877 543 938 ita
573 877 690 938 utiam
718 897 809 939 nemo
840 884 919 937 esset
946 874 985 937 de
1007 875 1205 958 Principibus
1238 879 1292 939 cui
1316 900 1385 939 non

287 986 364 1039 essct
385 978 590 1055 manifestum,
610 986 641 1038 et
657 976 726 1039 luce
739 974 908 1037 meridiana
923 975 1045 1052 clarius,
1059 985 1177 1058 quanto
1199 978 1275 1039 odio
1297 998 1383 1061 pro.

285 1076 473 1159 sequebatur
492 1078 644 1160 populum
665 1085 816 1149 nostrum,
838 1082 871 1135 et
892 1094 985 1136 omne
1008 1094 1102 1156 genus
1115 1076 1303 1137 Latinorum
1324 1078 1385 1138 ba·

284 1174 375 1237 beret
398 1174 537 1237 invisum.
580 1176 651 1239 Car.
666 1196 723 1237 ιιι.
754 1172 918 1256 Quidquid
940 1181 1045 1235 autem
1074 1174 1265 1257 loquebatur
1285 1179 1384 1254 (Ale-

284 1276 364 1353 xim)
387 1274 474 1338 dolus
497 1286 566 1339 erat
586 1286 618 1337 et
638 1272 873 1337 circumventio.
915 1272 1050 1334 Lmvn.
1075 1274 1148 1335 Car.
1165 1295 1214 1335 ιι.
1235 1277 1262 1336 F
1264 1276 1384 1339 raudes

286 1374 368 1435 enim
391 1376 588 1457 Imperatoris
616 1374 745 1452 (Alexiil
776 1372 892 1433 et--eins
911 1373 1059 1450 versutia,
1081 1395 1157 1457 quas
1178 1375 1303 1457 saepius
1325 1399 1385 1438 ex.

286 1476 368 1557 perti
388 1476 533 1552 fuerunt,
566 1472 722 1535 declinare
745 1470 927 1533 iudicabant
956 1474 1161 1551 commodius,
1181 1496 1222 1537 ne
1242 1475 1310 1537 eius
1332 1477 1385 1537 Is..

285 1574 442 1658 byrinthis
464 1582 496 1635 et
516 1572 694 1655 ambagibus
716 1571 831 1633 iterum
859 1593 891 1634 se
913 1572 1120 1651 involverent,
1138 1596 1157 1635 a
1178 1574 1291 1658 quibus
1313 1598 1384 1639 non

286 1675 357 1736 satia
379 1673 468 1735 facile
487 1673 687 1755 postmodum
705 1680 831 1754 possent
850 1671 997 1754 expediri.
1048 1675 1114 1735 Lm.
1130 1695 1157 1734 ι.
1179 1674 1316 1738 Casan.
1339 1681 1385 1741 Ar

286 1796 362 1837 vero
382 1773 466 1835 idem
480 1774 633 1851 (Alexim)
648 1775 833 1855 Imperator,
854 1782 977 1834 vetusto
992 1774 1188 1836 Graecorum
1206 1795 1298 1839 more
1316 1798 1383 1839 uo.

285 1881 422 1935 atrorum
448 1872 634 1935 successibus
655 1870 810 1950 invidens,
831 1873 971 1957 quamvis
1001 1894 1072 1951 cos,
1093 1883 1130 1935 ut
1157 1873 1382 1956 praediximus,

287 1972 371 2054 apud
391 1994 424 2035 se
445 1974 516 2035 satis
536 1972 669 2058 benigue
698 1972 873 2051 habuisset,
896 1975 1019 2036 occulte
1039 1973 1112 2035 inde
1132 1995 1190 2056 per
1207 1975 1382 2053 internun-

285 2074 349 2136 cios
374 2073 549 2159 Irequentes
571 2076 603 2137 in
623 2096 734 2137 eorum
765 2074 936 2156 perniciem
954 2073 1055 2137 hostes
1076 2074 1261 2153 solicitabat,
1283 2086 1319 2139 et
1338 2079 1380 2141 ab

289 2194 399 2234 eornm
435 2174 572 2236 adventu
603 2174 722 2237 crebris
755 2174 889 2258 epistolis
918 2183 950 2235 et
981 2174 1168 2235 nunciorum
1187 2173 1381 2239 discursibus

286 2274 438 2337 reddebat
457 2274 681 2357 instructiores,
702 2294 756 2337 eos
779 2292 993 2355 praemonens,
1017 2294 1056 2335 ne
1077 2282 1198 2335 tantum
1218 2278 1378 2357 populum
1467 2340 1471 2347 ,

285 2396 342 2436 suo
375 2374 511 2458 periculo
541 2374 807 2438 libere'trausire
836 2373 1007 2454 patiantur.
1058 2374 1168 2435 Vioem
1196 2376 1378 2457 scorpionis

286 2496 396 2558 agens,
418 2475 563 2559 quicum
584 2497 648 2537 non
678 2474 717 2535 sit
741 2474 774 2533 in
792 2472 872 2534 Iucia
897 2470 984 2553 quod
1004 2472 1169 2550 formides,
1199 2474 1378 2556 prudenter

285 2575 394 2636 leceris
423 2576 447 2637 si
477 2576 595 2637 caudae
622 2572 803 2656 posterioris
839 2571 995 2635 declinare
1024 2573 1144 2655 poteris
1176 2576 1374 2639 maleficium.

284 2674 351 2735 Lau.
365 2694 421 2735 ιιι.
443 2674 517 2735 Car.
533 2696 564 2735 s.
583 2674 645 2735 Per
665 2670 749 2733 idem
772 2680 894 2755 tempus
912 2675 1000 2754 (auno
1024 2672 1127 2750 1118.)
1149 2674 1375 2739 Constantino.

285 2774 439 2855 politanus
461 2774 634 2857 Imperator
656 2772 785 2851 Alexius,
805 2771 990 2835 Latinorum
1009 2774 1157 2837 maximus
1178 2787 1374 2858 persecutor,

286 2873 378 2935 rebus
397 2872 537 2935 humanis
557 2884 714 2957 exemptus
731 2882 788 2936 est.
1227 2872 1231 2877 ’

369 2972 587 3037 Roannrns
609 2994 825 3037 nosteros
846 2974 1374 3040 naCaassrrsnoauurnsn·

287 3092 420 3134 cirula
442 3094 723 3137 sacracrrora
745 3095 783 3135 ιιι
804 3074 960 3135 Srurns
980 3076 1097 3138 Lunll.
1139 3076 1372 3140 Subdolus-ita.

287 3194 348 3257 que
373 3176 550 3255 Imperator
578 3175 733 3254 (Alexim)
759 3174 866 3236 sidens
897 3193 1037 3237 crescere
1064 3184 1164 3238 eastra
1183 3178 1253 3255 Del,
1276 3178 1373 3241 etde

288 3274 337 3335 die
360 3275 390 3334 in
413 3275 495 3337 diem
524 3274 724 3357 augmentari,
744 3273 835 3356 inops
854 3275 969 3351 animi,
994 3296 1099 3358 expers
1119 3297 1231 3356 sensus,
1252 3298 1372 3361 pauper

286 3374 422 3453 consilii,
454 3375 500 3435 ira
530 3370 704 3437 vehementi
732 3374 838 3455 coepit
863 3374 989 3435 anxiari.
1042 3377 1129 3439 Mens
1157 3378 1239 3440 enim
1259 3380 1372 3442 fraude

288 3474 379 3556 plena
399 3496 521 3557 semper
551 3474 692 3536 anxiatur
725 3484 756 3536 et
786 3483 831 3537 est
850 3475 979 3553 solicita,
1008 3486 1040 3539 ct
1062 3476 1147 3561 quod
1173 3479 1371 3540 machinatur

287 3574 376 3634 alteri
400 3575 587 3657 pertimescit
608 3574 666 3636 sibi
686 3594 809 3657 semper
827 3574 1007 3637 machinari.
1050 3579 1084 3637 In
1106 3588 1209 3640 mente
1230 3581 1371 3660 Impera.

286 3673 365 3734 toris
396 3694 515 3757 semper
549 3674 662 3737 mansit
692 3674 889 3737 fraudolenta
920 3676 1014 3738 fictio.
1070 3678 1231 3762 Quidquid
1254 3678 1370 3739 iuravit

286 3781 389 3835 totum
404 3776 581 3851 exinanivit,
596 3775 668 3859 quia
688 3776 818 3859 periurii
834 3797 944 3837 noram
956 3778 1121 3841 incurrere
1134 3776 1254 3856 maluit,
1275 3798 1371 3863 qnam

286 3882 408 3957 gentem
429 3874 623 3937 Francorum
646 3898 664 3936 a
687 3876 746 3937 suis
769 3875 881 3937 linibus
903 3896 965 3937 uon
988 3875 1140 3960 elongari.

369 3972 587 4036 Consanus
620 3996 740 4037 sasas
773 3974 1076 4040 Unsrsnousrs
1100 3997 1239 4039 canos.
1263 3997 1370 4039 suro

287 4094 366 4138 uer.
409 4072 489 4135 Ecce
516 4074 616 4135 subito
647 4096 790 4137 murmur
816 4076 973 4157 exoritur,
995 4077 1124 4138 invisum
1146 4079 1369 4161 Imperatorem

287 4173 458 4253 (Alexium)
486 4174 664 4238 Tuscorum
694 4176 796 4259 potius
825 4196 919 4260 quam
949 4177 1197 4239 Christianorum
1218 4178 1301 4261 parti
1322 4178 1370 4237 fa·
