3042 4909
569 322 810 387 nanniano.
1125 325 1234 391 XlNll

144 502 228 558 vere,
246 477 475 562 exploratisque
503 494 583 561 qnae
611 476 695 539 circa
718 500 772 541 noa
802 489 912 557 erant,
933 477 1148 564 frequentibus
1168 478 1235 543 illos

143 590 255 643 contra
276 600 333 640 nos
358 577 475 640 nunciis
507 577 655 638 animare.
696 578 755 640 llic
776 590 824 641 est
850 580 1006 664 inquiant,
1025 579 1165 663 perfidus
1184 580 1237 643 illc

144 682 278 759 Alesios,
298 680 352 764 qui
374 676 501 741 domino
523 674 776 759 snoNicephoro,
799 700 858 763 per
873 679 1074 762 quorundam
1089 679 1235 744 blamau.
1360 720 1364 727 -

144 804 261 845 norum
275 777 542 843 conductitiorum
564 777 711 839 auxilium
724 778 863 862 depulso,
876 781 1045 863 Imperium
1062 780 1128 843 eius
1142 802 1235 846 usur·

142 884 246 967 pavit,
270 884 411 965 ipsosque
432 879 480 941 sni
501 876 622 939 sceleris
636 888 868 960 cooperatores,
888 881 978 943 exilio
998 880 1164 947 damnatos
1182 902 1236 945 uc-

139 984 211 1045 curi
234 984 323 1045 fecit:
345 999 487 1062 nuncque
507 1000 539 1040 se
559 976 639 1039 tanti
661 977 737 1039 dixit
758 979 861 1041 iacere
883 980 1018 1043 Francos
1038 1002 1110 1045 cusu
1122 983 1235 1045 Turcis

143 1084 338 1167 praeliantes,
361 1080 470 1165 quanti
492 1098 580 1141 mnes
601 1076 782 1140 seinvicem
802 1078 988 1143 mordentes.
1030 1082 1110 1144 Cum
1129 1092 1236 1145 autern

146 1185 268 1267 navigia
289 1182 453 1266 quisquam
473 1180 650 1241 conducere
671 1186 820 1257 tentaret,
840 1176 958 1242 audivit
978 1181 1139 1245 Caesarem
1158 1184 1235 1245 insi.

145 1285 211 1347 dias
246 1280 420 1366 peregrinis
450 1278 543 1342 ctiam
577 1278 610 1338 iu
629 1278 707 1337 mari
727 1279 877 1359 posuisse,
912 1280 1084 1364 multasque
1116 1282 1235 1345 dudum

145 1386 258 1447 eodem
281 1382 421 1443 facinore
438 1400 528 1441 naves
549 1400 621 1441 eum
641 1378 849 1441 submersisse.
903 1379 1109 1463 Quapropter
1129 1405 1235 1446 omues

144 1506 218 1547 eum
239 1481 464 1544 maledicebant
489 1488 523 1542 et
550 1478 860 1557 anathematizabant,
879 1499 986 1541 omnes
1006 1480 1093 1541 illum
1112 1482 1236 1565 linguae

146 1606 211 1647 non
234 1586 484 1666 imperatorem,
508 1579 562 1643 sed
583 1578 769 1641 traditorem
789 1578 993 1661 appellabant.
1032 1582 1123 1643 Anno
1145 1580 1236 1647 1106.

146 1684 267 1749 invidus
294 1690 326 1746 et
345 1682 483 1745 occultus
504 1690 630 1743 eatenus
650 1680 806 1741 Ecclesiae
824 1683 1157 1762 persecutorAlesins,
1181 1684 1237 1747 diu

146 1796 260 1851 teclam
272 1806 345 1847 suae
356 1781 505 1865 perfidiae
526 1780 694 1843 toxicatam
709 1780 828 1843 rabiem
842 1780 1003 1863 evaginat:
1022 1782 1141 1859 Tuscis,
1162 1785 1235 1867 qni-
1300 1777 1306 1805 ¹

146 1887 206 1949 bus
225 1887 288 1947 iam
310 1884 395 1945 nulla
416 1880 466 1971 sel
486 1902 558 1943 rara
582 1882 612 1942 in
623 1880 756 1943 Oriente
776 1880 929 1964 regnandi
946 1902 1017 1963 spes
1036 1893 1235 1961 remanserat,

147 2008 182 2049 se
191 1985 341 2049 tutissime
354 1982 508 2060 conciliat,
520 1991 552 2045 et
564 2002 583 2043 o
600 1982 812 2065 turpissimum
823 1981 957 2044 facinus!
979 1985 1131 2059 Nicaeam,
1142 2007 1235 2069 quam

147 2084 230 2147 olisn-
254 2085 326 2148 fidei
351 2094 476 2146 nostrae
507 2082 632 2159 turrim,
663 2082 843 2166 dudumque
863 2082 964 2144 multo
988 2083 1235 2148 Christianorum

147 2188 296 2268 sangnine
319 2194 529 2267 comparatam
548 2182 807 2265 praescripsimus,
829 2182 998 2245 Solimanni
1021 2187 1146 2268 tyranni
1167 2187 1236 2247 liliis

148 2286 304 2349 reddidit:
325 2282 479 2346 custodias
493 2277 532 2345 ad
546 2280 780 2365 prohibendum
789 2284 955 2344 transitum
965 2284 1137 2366 peregrinis
1153 2295 1237 2346 terro

148 2387 292 2470 luarique
311 2384 480 2446 constituit.
502 2382 595 2443 Cuius
615 2380 722 2443 classes
741 2389 853 2443 contra
867 2381 1076 2445 Antiochenos
1096 2382 1239 2464 directas,

149 2478 207 2569 ipsi
228 2487 311 2549 bello
326 2492 488 2567 ceperunt,
506 2491 537 2544 et
550 2482 581 2543 in
598 2482 808 2544 confusionem
818 2480 935 2559 elesii,
956 2483 1035 2544 uasis
1054 2492 1148 2568 atque
1168 2485 1240 2567 pol-

150 2586 259 2649 licibus
283 2585 425 2649 omnibns
448 2582 600 2660 abscissis,
621 2604 713 2644 anam
750 2582 789 2645 de
823 2580 951 2665 scaphis·
974 2581 1046 2645 inde
1065 2595 1240 2669 onerantes,

151 2686 327 2749 huiusmodi
347 2674 659 2767 pulmentnmeidem
680 2704 736 2745 reo
759 2680 933 2745 multorum
952 2683 1083 2745 millium
1105 2684 1239 2747 bernici-

151 2785 216 2865 dac,
238 2786 483 2847 transmiserunt.
534 2784 740 2844 desanaus
772 2784 1004 2846 Saaoensss
1032 2786 1143 2849 eodem
1164 2788 1241 2867 sese

151 2886 198 2948 ad
214 2888 337 2948 verbnm
355 2886 456 2947 tabes.
500 2884 616 2945 Οττο
639 2880 1152 2948 Fassrnoens1·sCauonsc.
1176 2888 1238 2951 Las.

151 2986 219 3047 Vll.
246 2988 317 3047 Cau.
338 2986 379 3047 X.
400 2984 520 3046 Alesios
541 2984 717 3065 imperator
736 2980 968 3064 perfidissimus,
989 2983 1104 3046 iamdiu
1124 3004 1239 3047 conce.

152 3094 237 3167 ptam
259 3084 354 3147 corde
374 3085 520 3146 malitiam
542 3082 644 3145 celare
666 3082 793 3165 amplius
816 3102 879 3143 non
902 3083 1015 3160 valens,
1035 3105 1108 3145 cnm
1117 3085 1238 3164 Tuscis,

152 3186 207 3269 qui
231 3185 293 3246 iam
312 3205 414 3269 paene
433 3183 588 3266 desperati
608 3191 708 3261 erant,
724 3160 898 3263 &spissime
920 3182 1113 3261 foederatur,
1135 3184 1240 3267 eisquc

152 3284 309 3363 Nicaeam,
329 3282 426 3346 multo
457 3294 638 3346 nostrornm
667 3282 814 3366 sangnine
842 3281 1043 3366 acquisitam,
1062 3282 1240 3365 impiissime

154 3384 295 3448 tradidit.

233 3484 769 3548 GerrasnnsV1raassensss
792 3480 986 3547 Caaonsc.
1008 3503 1238 3548 aserenan.

153 3582 456 3666 Constantinopolim
475 3592 705 3667 pervenerunt,
731 3583 786 3644 nbi
804 3582 939 3646 multum
960 3584 1067 3647 dolum
1089 3592 1122 3646 et
1142 3584 1239 3669 impe.

153 3680 326 3746 dimentum
352 3706 370 3744 a
402 3684 485 3768 Rege
506 3683 611 3745 Alexio
633 3683 779 3765 perpessi.
830 3684 921 3746 Tunc
940 3685 1062 3746 Alesiae
1083 3706 1136 3748 ser
1155 3686 1239 3748 Con·

155 3782 457 3867 stantiuopolitanus,
483 3768 673 3846 Christianae
692 3782 909 3865 prosperitatis
927 3783 1131 3864 adversarius,
1154 3785 1240 3848 Tur.

154 3902 205 3946 cos
228 3884 259 3945 in
280 3882 523 3967 desperationem
543 3885 605 3945 iam
621 3882 746 3965 positos,
769 3882 802 3945 iu
822 3882 988 3944 amicitiam
1006 3904 1093 3947 suasu
1108 3886 1239 3949 cooioa-

152 3980 285 4062 desevit,
307 3985 412 4069 eisque
424 3984 540 4047 turrim
553 3984 704 4063 Nicaeam,
723 3982 972 4047 Christianorum
992 3986 1140 4070 sauguine
1159 4006 1239 4048 cou-

156 4073 320 4168 qnisitaim,
342 4084 503 4151 concessit.
546 4087 795 4147 Marrasana
816 4085 939 4147 Pansa
967 4106 1011 4149 sn
1042 4106 1240 4150 asernasa

153 4204 301 4248 nascas
324 4206 426 4248 anno
450 4206 554 4249 nxcss.
577 4186 698 4247 Alexias
720 4195 822 4247 autem
842 4186 1014 4269 imperator
1035 4188 1239 4262 Graecorum,
