3042 4909
434 258 553 323 PETRI
584 255 739 321 POSSlNl
776 205 1016 321 nantcartoss
1167 263 1267 325 XXX}

170 411 385 475 contenderat
406 430 510 472 ornnes
532 430 643 473 nervos
662 410 834 473 industriae
854 411 885 471 in
906 410 1142 474 elucubratione
1164 414 1268 497 operis

172 521 323 603 ingentis,
344 519 375 579 in
398 540 462 602 quo
479 516 628 581 decorum
649 516 780 579 istorum
802 518 942 581 omnium
956 520 1084 603 insignia
1102 521 1269 603 specimina

171 638 340 691 extarent:
365 626 519 688 Historiae
541 625 684 687 videlieet
705 647 813 687 rerum
842 626 937 710 longo
960 628 1062 690 Patris
1078 628 1126 689 sui
1146 629 1268 712 princi.

173 744 257 819 patu
278 734 480 796 maximarum
505 756 540 795 ac
559 734 640 797 mire
659 732 819 795 variarum
840 744 926 796 terra
948 735 1091 820 marique
1113 746 1181 799 tota
1202 738 1269 800 scre

173 844 249 906 Asia
264 843 457 927 Europaque
479 852 652 927 gestarum:
674 862 749 927 quas
773 844 996 905 accuratissima
1012 844 1202 908 collectionis
1221 845 1270 907 di·

175 951 314 1034 ligantia,
336 972 394 1011 nec
413 951 513 1011 minus
535 937 611 1012 scita
632 948 842 1033 descriptione
865 951 994 1029 ordinis,
1017 961 1111 1037 atque
1135 954 1269 1036 explica.

176 1059 271 1122 tionis
293 1070 408 1121 ornatu
435 1060 606 1141 complexa,
627 1058 717 1119 simul
748 1058 909 1141 praeclare
931 1083 949 1121 a
968 1082 1000 1123 se
1021 1061 1197 1125 consustum
1214 1084 1269 1125 re-

174 1168 273 1229 batur
294 1167 463 1229 rationibus
484 1166 613 1249 publicis
634 1173 739 1228 tantae
759 1167 900 1228 utilitatis
923 1167 1006 1229 libro
1027 1168 1200 1253 vulgando;
1222 1170 1267 1233 si.

175 1274 242 1337 mul
265 1275 402 1357 privatas
432 1296 498 1357 spes
530 1275 629 1336 famae
657 1296 692 1337 ac
723 1275 893 1337 memoriae
921 1275 1077 1359 perennis,
1106 1298 1181 1361 quas
1208 1278 1269 1339 isto

177 1384 302 1467 pietatis
330 1380 440 1445 eodem
471 1384 687 1467 facultatisque
713 1405 787 1445 suae
817 1383 1022 1467 consignasset
1054 1396 1270 1463 monumento,

180 1512 244 1553 uon
277 1491 357 1554 male
390 1493 571 1554 constitutas
602 1493 832 1577 gratulabatur.
884 1493 1051 1555 Caeterum
1082 1514 1176 1577 quam
1195 1516 1297 1567 vere,

178 1600 257 1663 illud
279 1601 356 1663 olim
374 1602 526 1685 scripturn
555 1623 574 1662 a
596 1600 732 1685 quodam
750 1602 810 1665 sit:
845 1602 1044 1687 Quantumvis
1065 1602 1155 1664 άοεια
1172 1603 1269 1663 diser-

180 1722 269 1792 taque
290 1730 386 1795 opera
404 1710 503 1773 blavis
526 1711 622 1771 attilo
644 1712 736 1771 seruas
753 1710 899 1771 actiacis
920 1712 1026 1793 epulus
1046 1709 1181 1788 deutra,
1211 1710 1273 1771 rarsi

176 1820 302 1901 potentis
324 1832 355 1880 ct
371 1818 492 1900 benigni
508 1818 600 1879 Genii
612 1815 728 1899 efficaci
738 1818 931 1903 provrssemia
946 1830 1098 1901 canistros
1120 1840 1185 1880 nou
1208 1817 1270 1879 allo

180 1926 286 1989 melius
307 1927 458 2009 exemplo,
480 1948 574 2010 quam
593 1926 683 1987 huius
697 1926 785 1988 Libri
805 1926 918 1988 misera
938 1936 970 1988 et
991 1924 1179 1988 lamentabili
1200 1926 1270 1988 for-

179 2041 255 2097 tuna
276 2036 514 2118 comprobatum
538 2044 592 2099 est.
633 2036 709 2095 Tam
739 2044 868 2097 venusto
889 2035 914 2097 is
936 2034 1063 2118 quidem
1083 2033 1271 2098 elocutionis

182 2141 260 2205 llore
280 2151 422 2225 comptus
444 2152 518 2205 ortu
540 2143 606 2225 ipso
630 2142 731 2223 primo
753 2141 888 2225 prodiit,
910 2151 947 2203 nt
967 2143 993 2205 si
1011 2142 1137 2205 fabellas
1158 2152 1190 2205 et
1213 2164 1271 2203 uu·

181 2271 229 2332 gas
251 2272 350 2313 meras
373 2251 428 2312 ista
449 2251 600 2335 elegantia
621 2250 757 2333 garriret
779 2249 913 2327 aniliter,
938 2259 1054 2312 ornatu
1067 2251 1134 2311 solo
1155 2250 1269 2311 dictio-

182 2360 225 2419 nis
245 2357 435 2419 bouoratum
457 2360 539 2420 inter
555 2358 731 2441 Scriptores
746 2357 868 2420 Atticos
888 2357 982 2440 primi
1004 2356 1139 2419 subsellii
1162 2358 1271 2419 eblan-

184 2465 302 2531 diturus
323 2466 382 2531 sibi
403 2466 495 2527 facile
522 2466 628 2527 locum
656 2466 761 2527 fuerit.
812 2487 918 2529 rursus
941 2476 1004 2528 tam
1025 2486 1120 2549 grave
1143 2474 1280 2551 tamque⁴

181 2574 258 2651 scitu
280 2576 494 2655 necessarium,
517 2574 571 2638 tali
592 2574 801 2658 dispositionis
821 2584 900 2652 arte,
920 2582 1070 2658 tantaque
1089 2574 1273 2637 maturitate

182 2684 286 2745 iudicii
307 2696 520 2767 argumentum
551 2683 682 2765 explicat
703 2705 739 2745 ae
770 2682 895 2766 digerit,
916 2692 952 2743 ut
969 2684 996 2745 si
1016 2683 1199 2767 loqueretur
1220 2684 1271 2744 in-

183 2793 400 2876 quinatissima,
422 2803 524 2855 tamen
537 2791 705 2873 splendore
725 2813 869 2853 sensuum
883 2792 1019 2855 illuviem
1039 2793 1219 2871 verborum,
1239 2798 1273 2853 et

182 2898 325 2963 historiae
346 2923 409 2965 nou
438 2900 511 2961 alibi
542 2908 687 2961 narratae
716 2899 916 2982 praestantia,
935 2899 1036 2961 labem
1056 2900 1211 2963 barbarae
1233 2918 1271 2960 nc

180 3008 379 3073 balbutientis
403 3008 554 3072 orationis
571 3018 672 3091 posset
692 3006 856 3071 redimere.
904 3008 1067 3071 Postremo
1092 3008 1179 3092 qnod
1199 3030 1272 3069 mn-

180 3117 288 3181 lierem
310 3117 499 3201 eandemque
520 3119 552 3180 in
573 3136 669 3200 regno
694 3126 798 3178 natam
819 3136 855 3177 ac
876 3116 1027 3199 nutritam
1046 3116 1159 3198 Operis
1182 3116 1271 3197 spissi

179 3227 356 3309 prolixique
385 3228 476 3289 fuisse
510 3233 652 3287 autorem
685 3233 824 3303 constat,
859 3246 907 3287 res
942 3232 989 3285 est
1014 3225 1158 3305 profecto
1189 3224 1271 3285 eius·

182 3336 268 3396 modi
290 3356 369 3419 quae
389 3334 556 3417 scriptioni
589 3355 647 3395 nco
668 3332 740 3417 styli
770 3332 889 3416 alioqui
911 3352 968 3393 nec
987 3331 1137 3393 materiae
1157 3352 1272 3413 gauere

180 3442 357 3523 tolerabili,
383 3444 514 3507 raritate
541 3444 607 3526 ipsa
628 3448 660 3505 et
688 3440 930 3503 admirabilitate
947 3439 1118 3523 scriptrieis
1136 3440 1272 3522 Reginae

181 3554 319 3635 pretium
341 3552 424 3635 apud
453 3572 568 3637 aequos
597 3549 808 3613 aestimatores
839 3571 946 3611 rerum
978 3546 1103 3609 abunde
1126 3569 1271 3631 magnum

181 3662 383 3725 conciliatura
403 3661 580 3735 videretur;
613 3667 647 3721 ut
669 3680 729 3719 non
760 3658 836 3719 ferri
857 3656 958 3720 solum
977 3665 1009 3718 et
1030 3655 1090 3739 legi
1112 3656 1165 3720 sed
1186 3656 1270 3717 cele.

178 3772 266 3834 brari
299 3770 392 3833 etiam
412 3780 506 3853 atque
537 3767 640 3851 expeti
667 3767 736 3828 iure
764 3766 902 3829 deberet
941 3766 984 3836 Et
1008 3773 1129 3827 tamen:
1152 3765 1181 3833 O
1203 3786 1271 3828 rem

181 3881 334 3943 mirumne
352 3862 447 3961 magis
470 3878 569 3952 dicam
585 3898 624 3937 au
646 3873 806 3937 miseram!
830 3884 931 3937 tamen
954 3872 1005 3935 ille
1024 3883 1074 3937 tot
1094 3872 1271 3936 nominibus

178 3986 217 4048 ad
237 3990 349 4049 famam
371 3995 465 4071 atque
486 3985 525 4047 ad
538 3984 749 4047 celebritatem
761 3980 992 4044 commendatus
1012 3982 1117 4057 Liber,
1136 3990 1271 4061 spretus,

181 4096 327 4177 abiectus,
349 4097 490 4179 neglectu
519 4093 658 4155 omnium
691 4092 823 4155 obrutus
845 4090 931 4153 aunis
956 4089 1131 4174 quingentis
1152 4089 1184 4149 in
1209 4088 1270 4149 situ
