3042 4909
606 355 847 423 PRAEFATIO.
1160 360 1273 428 xxvu

176 489 445 591 τασυστάδην,
470 497 572 595 quod
586 498 721 579 Lexicis
735 499 848 573 deest
926 498 1059 593 129,’2.
1083 494 1273 597 posature,

178 618 293 719 quod
315 621 549 695 Hoeschelius
577 624 749 719 coniecit,
779 624 1032 721 reponendum
1062 638 1157 718 erat,
1191 648 1275 696 sua·

161 744 299 817 ‘dente
321 744 507 843 Ducangio
527 742 710 835 Constant.
738 745 867 819 Christ.
885 750 939 820 lv.
973 751 1111 845 p.125.
1190 750 1274 841 176,

187 874 250 941 13.
273 868 468 959 σωματικὰ
500 862 652 966 δεύτερα
682 869 831 941 τίθεται
861 870 981 965 λόγου.
1032 873 1148 944 locus
1171 874 1276 945 resti·

184 993 302 1063 tuitur
326 988 513 1085 facillime,
538 991 567 1063 si
590 986 773 1089 δεύτεροο,
798 992 902 1090 quod
926 994 964 1065 C.
985 994 1108 1089 habet,
1129 996 1169 1066 in
1194 988 1277 1063 δευ-

184 1116 298 1213 τέρου
323 1116 526 1187 mutaveris.
604 1120 687 1213 193,
700 1124 761 1191 20.
793 1117 872 1188 ἐπεὶ
894 1120 915 1187 ὁ
937 1124 1164 1211 Βαῑμοῦοτος
1187 1143 1277 1214 καρ-

188 1240 388 1339 τερώτερον
414 1242 544 1321 αὐτοῖς
562 1242 783 1338 ἐπεμάχετο.
833 1242 886 1315 lta
903 1267 1003 1315 nunc
1022 1242 1162 1341 legitur,
1186 1268 1278 1315 eon-

190 1378 246 1436 tra
270 1387 427 1435 sensum.
460 1360 642 1437 Emendo:
678 1361 908 1462 ἀπεμάχετο.
990 1368 1130 1460 215,1.
1152 1374 1232 1463 *pr'o
1256 1365 1277 1445 i

192 1482 234 1557 δὲ
265 1486 384 1559 scribe
415 1481 497 1582 ἥδε,
531 1489 695 1584 pleniore
729 1489 1023 1586 interpunctione
1060 1504 1146 1587 post
1174 1489 1280 1567 θέσις
1350 1507 1354 1511 ’

193 1613 324 1710 posita.
414 1613 573 1702 273,20.
600 1610 700 1681 aar&
728 1603 883 1691 δεκάδας
906 1610 994 1691 τοὺς
1017 1603 1176 1701 λογάδας
1206 1612 1279 1680 τοῖο

192 1730 417 1830 Μαοιχαίον
432 1734 627 1803 ποιεῖσθαι
644 1728 820 1805 ἐκέλευσε.
848 1735 919 1807 Pro
939 1735 1064 1831 inepto
1087 1734 1281 1804 ποιεῖσθαι

195 1882 294 1931 nune
317 1859 441 1931 malim
467 1860 702 1957 september.
802 1864 888 1954 328,
898 1862 933 1932 8.
956 1860 1034 1957 lege
1051 1861 1280 1955 οὑτινοσοῦν.

197 1987 329 2075 337‚5.
354 2006 423 2079 pro
453 1983 597 2053 τούτων
620 1984 697 2080 lege
720 1983 882 2077 τούτου,
914 1996 956 2053 ut
980 1981 1027 2054 ad
1049 1981 1166 2055 solum
1192 1980 1282 2055 Cae-

197 2124 313 2178 sarem
340 2105 519 2203 respieiat.
1125 2114 1129 2121 “
1292 2197 1295 2208 Ι

292 2229 425 2301 Verum
458 2231 550 2303 haec
584 2230 714 2302 obiter.
772 2230 862 2303 Nem
897 2230 945 2302 de
980 2228 1159 2303 eiusmodi
1195 2229 1285 2299 loeis
1384 2216 1389 2236 '

198 2352 394 2450 plerisque,
419 2351 459 2425 in
485 2353 618 2449 quibus
643 2352 829 2448 scriptoris
843 2376 972 2423 manus
992 2350 1158 2424 nondum
1182 2351 1286 2423 resti-

201 2490 276 2548 tuta
300 2475 455 2570 ridetur,
479 2490 557 2548 tum
580 2478 729 2573 proprie
745 2474 927 2574 agendum
947 2476 1027 2568 erit,
1052 2497 1135 2547 cum
1159 2474 1286 2545 Anno-

199 2601 354 2671 tationes
379 2600 546 2671 scribam.
607 2600 711 2674 Nunc
734 2599 917 2696 reliquum
944 2612 1015 2692 est,
1038 2611 1080 2669 ut
1102 2597 1286 2669 deinter·

200 2726 403 2821 pretatione
418 2725 556 2819 Latina,
582 2750 690 2822 quam
708 2724 796 2796 huic
817 2708 980 2797 editioni
991 2748 1122 2796 novam
1148 2719 1286 2814 addidi,

201 2848 312 2919 verbo
331 2868 514 2921 moneam.
541 2844 581 2919 ld
595 2849 794 2943 negotium,
810 2848 996 2919 molestiae
1007 2846 1193 2943 taediique
1207 2846 1287 2941 ple-

200 2971 401 3065 nissimum,
426 2985 467 3042 ut
491 2973 724 3069 susciperem,
750 2996 806 3043 res
830 2972 908 3067 ipsa
924 2971 1064 3067 exigere
1085 2970 1286 3040 ridebatur.

200 3094 336 3191 Nempe
350 3096 532 3190 Pessinos,
558 3120 641 3167 cum
655 3120 731 3166 non
747 3108 821 3166 tam
833 3091 1022 3187 vertendo,
1047 3106 1159 3190 quam
1171 3114 1288 3161 ·enar·

201 3217 315 3290 rando
342 3242 492 3314 operam
524 3216 645 3312 daret,
676 3216 810 3290 mirum
850 3240 961 3314 qnam
996 3215 1111 3287 libere
1143 3240 1220 3287 non
1248 3214 1289 3287 in

202 3341 320 3413 verbis
342 3341 456 3415 modo
482 3342 629 3439 singulis
636 3394 648 3435 ,
679 3366 804 3413 verum
836 3342 944 3413 etiarn
969 3341 1116 3412 intotis
1139 3352 1288 3410 senten-

200 3463 260 3533 tiis
280 3463 477 3537 reddendis
507 3477 666 3539 versatus
697 3480 769 3560 est,
801 3464 1156 3557 circumscribendo,
1182 3463 1288 3537 alliu-

200 3586 344 3683 gendo,
375 3590 504 3687 primis
530 3604 715 3689 postrema
738 3588 953 3685 miscendo,
979 3591 1104 3660 omnia
1128 3586 1289 3685 denique

201 3710 394 3784 obruendo
420 3712 556 3810 ingenti
581 3713 777 3785 verborum
802 3713 966 3784 [lumine.
1030 3709 1132 3783 Unde
1156 3711 1290 3783 lactum

202 3838 277 3927 est,
296 3849 339 3908 ut
358 3836 497 3907 Alexias
512 3837 637 3909 Latina
663 3837 704 3909 in
728 3836 1006 3933 amplitudinem
1031 3835 1145 3934 duplo
1172 3836 1290 3907 maio-

206 3982 284 4029 rem
320 3960 534 4053 excreverit,
556 3986 667 4057 quam
695 3959 852 4053 Graeca,
882 3972 920 4031 et
944 3960 1054 4033 altera
1077 3962 1221 4032 alterius
1244 3984 1290 4030 ue

200 4084 369 4155 umbram
395 4081 547 4181 quidem
571 4086 712 4157 referat.
765 4084 850 4175 Quo
877 4085 996 4157 minus
1021 4100 1143 4157 autem
1169 4084 1290 4156 Possi—

204 4206 335 4280 nianae
368 4210 544 4283 versionis
576 4210 751 4283 luxuriem
786 4209 981 4308 depascere
1010 4209 1114 4281 licuit
1144 4207 1193 4279 ad
1224 4206 1291 4281 ali·
