3042 4909
370 366 425 429 llll
696 357 892 425 Luuoum
923 354 1122 423 sctloputt

370 506 567 605 pleraque,
591 529 634 579 ac
658 529 776 603 prope
801 502 954 575 dixerim
981 503 1128 593 omnia,
1156 497 1427 596 praestantia
1456 522 1521 569 su

374 654 413 700 se
437 628 709 724 commendant,
733 642 770 699 et
789 641 830 700 ut
839 628 961 724 Langii
984 625 1140 725 suspicio
1164 622 1211 695 de
1235 621 1422 695 codicis
1436 622 1501 693 Μ

372 751 467 825 dicei
491 766 605 825 aetate
631 753 859 843 ambitiosior
871 751 917 821 sit
942 774 1052 846 quam
1078 748 1211 840 verior,
1227 760 1385 818 tamen
1417 746 1520 815 reli-

374 878 457 973 quis
483 902 566 947 eum
593 889 629 947 ct
640 889 815 949 vetustate
839 886 876 942 et
897 873 1118 967 optimarum
1142 870 1367 942 lectionum
1395 868 1512 938 mul-

369 998 526 1071 titudine
561 976 792 1089 antecellere,
825 1020 882 1067 res
904 996 981 1092 ipsa
1005 994 1134 1089 docet,
1170 1007 1212 1066 ut
1236 1014 1510 1090 magnopere

369 1120 571 1197 dolendum
600 1120 784 1211 rideatur,
816 1116 1002 1189 Gronovio
1036 1116 1149 1189 totius
1172 1116 1257 1187 libri
1282 1115 1502 1189 curiosius

369 1246 575 1319 excutiendi
601 1244 716 1316 otium
742 1241 908 1316 defuisse.
960 1241 1013 1311 lle
1039 1241 1173 1335 altero,
1199 1261 1275 1337 quo
1296 1261 1411 1309 usus
1442 1251 1499 1309 est

370 1364 517 1459 codice,
543 1361 632 1435 illud
655 1376 797 1436 tantum
821 1375 974 1454 constat,
999 1362 1087 1432 olim
1111 1386 1196 1432 eum
1220 1359 1332 1432 fuisse
1350 1361 1494 1433 Lucae

367 1484 553 1559 Holstenii.
604 1486 779 1584 Reliqua,
808 1508 903 1583 quae
928 1483 976 1557 ad
999 1484 1192 1555 certiorem
1214 1482 1400 1557 notitiam
1432 1486 1486 1558 fa-

367 1612 484 1703 ciant,
509 1610 622 1683 hodie
656 1612 696 1683 in
728 1612 884 1683 obscuro
909 1620 1004 1680 sunt.
1062 1606 1137 1679 Nec
1158 1620 1283 1680 tamen
1308 1634 1360 1683 ex
1392 1611 1484 1707 ipso

366 1732 600 1829 Apographo,
623 1756 717 1831 quae
740 1734 817 1804 cius
843 1730 958 1805 lorma
985 1745 1022 1803 et
1046 1730 1212 1812 conditio
1238 1731 1364 1827 luerit,
1392 1758 1479 1805 non

365 1854 611 1927 coniecturam
644 1880 774 1952 capere
805 1855 900 1927 licet.
960 1851 1012 1926 Ac
1048 1855 1208 1951 primum
1246 1856 1410 1953 quidem
1442 1857 1473 1927 is

365 1976 481 2050 codex
503 1982 659 2051 maxima
683 1981 765 2053 libr.
780 1982 805 2052 l.
828 1994 931 2077 parte
956 1980 1104 2053 mutilus
1127 1978 1211 2074 luit,
1236 1981 1470 2077 initiumque

365 2100 487 2196 duxit,
512 2126 628 2201 aeque
653 2128 696 2176 ac
720 2101 978 2199 coislinianus,
1003 2128 1026 2174 a
1044 2103 1163 2175 verbis
1188 2102 1338 2175 demum
1360 2104 1466 2198 μᾶλ-

364 2225 431 2295 λον
455 2230 590 2295 τοῦτον
623 2228 917 2323 etc.p·75,12.
954 2225 1158 2299 Gronovius
1194 2242 1291 2299 certe
1321 2230 1368 2301 ab
1400 2227 1462 2299 his

362 2347 500 2443 verbis,
527 2350 660 2448 quibus
686 2347 896 2447 apographi
917 2349 1044 2421 lolium
1057 2354 1117 2423 20.
1144 2351 1287 2447 incipit,
1310 2350 1457 2423 Alexia-

365 2470 451 2543 dem
478 2473 683 2546 describere
696 2474 875 2568 ingressus
899 2486 961 2543 cst
987 2471 1100 2565 Quod
1123 2474 1309 2569 veredici,
1330 2487 1453 2547 osten-

367 2593 424 2667 dit
447 2596 655 2690 clarissime,
678 2608 720 2665 ut
742 2594 975 2690 aliataceam,
999 2596 1199 2668 litterarum
1224 2598 1342 2691 series,
1366 2598 1452 2694 qui-

364 2720 432 2793 bus
467 2720 553 2793 folia
588 2732 722 2793 octona
754 2719 918 2818 signarit.
974 2719 1166 2818 Siquidem
1198 2718 1289 2793 illud
1309 2721 1448 2817 ipsum,

366 2841 472 2938 quod
497 2842 585 2937 dixi,
609 2843 737 2917 lolium
759 2846 885 2917 subtus
909 2842 1111 2915 litteramA
1137 2838 1240 2940 quasi
1266 2843 1442 2915 custodem

364 2964 486 3052 ¹habet.
512 2964 616 3058 Quae
637 2964 862 3064 praecedunt
883 2964 1110 3038 foliadecem
1134 2979 1170 3037 et
1190 2991 1341 3061 novem,
1364 2968 1440 3038 nul·

364 3090 408 3161 lis
433 3090 601 3189 insignita
626 3091 774 3186 litteris,
799 3114 842 3163 ea
860 3088 1066 3161 Gronovius
1086 3103 1166 3161 tum
1191 3088 1341 3183 addidit,
1361 3115 1436 3161 curn

366 3216 566 3287 Florentiae
588 3229 714 3289 nactus
728 3230 821 3288 esset
840 3212 1007 3288 codicem
1032 3213 1218 3311 aliquanto
1241 3215 1431 3286 auctiorem.

364 3339 484 3438 Atque
508 3340 560 3411 sic
588 3340 721 3413 lactum
750 3354 815 3435 est,
842 3341 988 3437 opinor,
1011 3352 1054 3411 ut
1076 3337 1170 3411 haec
1192 3337 1298 3432 folia,
1320 3362 1431 3438 quem·

366 3460 566 3558 admodum
592 3488 700 3562 supra
725 3464 871 3559 monui,
896 3464 1031 3535 nullam
1054 3485 1203 3561 prorsus
1227 3460 1428 3535 codicislle-

365 3584 459 3657 dicei
500 3586 781 3684 discrepantiam
821 3585 1039 3685 adscriptam
1080 3587 1250 3659 habeant.
1306 3587 1425 3659 Initium

364 3719 486 3779 autem
513 3712 738 3785 Holsteniani
771 3713 926 3809 exempli
962 3712 1071 3784 etiam
1095 3733 1274 3811 perquam
1291 3712 1423 3814 ⁴meudo-

365 3856 445 3901 sum
471 3830 596 3929 luisse,
623 3833 881 3933 llpographum
895 3835 983 3910 item
998 3836 1124 3934 arguit
1175 3837 1354 3934 Apponam
1373 3838 1423 3910 hic

363 3955 494 4049 verba,
529 3958 651 4053 qualia
690 3958 859 4056 primitus
889 3984 911 4030 a
947 3957 1134 4033 Gronovio
1178 3960 1310 4057 scripta
1337 3973 1419 4032 utut:

363 4076 508 4167 μᾶλλον
532 4082 668 4149 τοῦτον
697 4074 897 4161 κατέτλοος
924 4082 1079 4171 ἐκείνου,
1105 4074 1187 4177 ἅμα
1209 4083 1277 4176 μὲν
1299 4079 1349 4151 καὶ
1367 4079 1417 4162 aira

364 4194 555 4299 ταχίστην
576 4204 748 4279 κέλευῇον
769 4206 1071 4306 προαιρούμενος·
1126 4200 1208 4301 ἅμα
1232 4202 1274 4281 δὲ
1298 4205 1347 4279 καὶ
1365 4184 1421 4288 τοο
