3042 4909
386 383 601 448 emmens
630 383 706 448 mn
736 387 789 450 rx.
820 389 852 454 t.
1087 357 1174 476 449
1221 445 1226 452 .

92 533 262 620 βοολεύων,
282 535 339 600 οὐκ
361 530 470 598 ἔπειθε
489 530 545 600 τάν
563 535 714 618 Διογένην
727 531 809 614 ὅλως
829 535 897 602 οὐδ’
918 531 1102 603 sinceritatis
1120 540 1174 620 βε.

90 638 309 718 βουλεομένων
339 633 553 712 ἀνακαλύψαι.
603 633 634 697 τί
659 631 693 698 τὸ
714 635 769 698 ε’πί
798 632 937 713 τούτοιςς
967 627 1084 715 ἤχθετο
1116 635 1175 716 μὲν

91 734 109 796 6
139 739 238 816 μέγας
263 733 443 814 ἀομὲστικος
469 731 524 794 καί
553 734 679 816 η’νιιῖτο,
711 725 751 796 οὐ
780 737 882 798 κακῶν
904 737 1037 819 φέρεται
1060 730 1077 820 6
1100 738 1175 798 Διο-
1215 725 1220 736 ’

88 838 195 917 γίνης,
215 829 453 914 στοχαζόμενος.
500 829 574 914 ἔσχε
593 833 654 915 γάρ
686 836 796 898 τοῦτον
818 829 1007 918 προφθάσας
1027 827 1045 895 ὅ
1066 835 1176 916 Διογέ-

62 948 146 1014 5νης
164 929 308 1015 γαμβρὸν
327 931 382 994 ἐπί
398 933 439 1018 τῇ
457 927 578 1018 ὐστάτῃ
598 934 663 996 ταῖν
682 927 882 1015 ὲτεροθαλαῑν
896 925 997 996 αὐτοῦ
1018 932 1175 1016 ἀδελφῶν.

90 1029 181 1099 ἔνθεν
192 1052 242 1094 τοι
258 1031 314 1094 καί
330 1029 411 1111 μετὰ
426 1029 572 1113 δακρύων
584 1032 761 1114 ἐκλιπαροῖν
781 1029 879 1096 αὐτὸν
894 1033 951 1095 οὐκ
970 1031 1069 1095 ἀνίει·
1091 1029 1175 1093 ἕπει.

89 1135 130 1194 θε
152 1132 187 1195 δὲ
207 1131 374 1210 οὐδαμοῖς,
396 1121 455 1193 κάν
480 1130 578 1205 αὐτὸς
602 1131 751 1208 ἐνέκειτο,
769 1127 1012 1214 ἀναμιμνήσκων
1036 1123 1105 1210 ἀμα
1123 1132 1180 1194 καί

88 1233 151 1294 τάν
174 1220 317 1296 ὄπισθεν.
361 1230 560 1313 σφαιρίζοντι
580 1225 640 1312 γάρ
657 1252 731 1293 ποτε
748 1235 793 1316 τῷ
810 1226 1014 1314 αὐτοκράτορι
1036 1223 1116 1292 κατά
1140 1227 1206 1292 τύῦ

88 1331 125 1394 ἐν
152 1329 195 1416 τῷ
224 1323 350 1413 μεγάλιρ
380 1328 522 1414 παλατίτρ
551 1324 742 1412 ίππηλάσιον
775 1326 854 1412 ἀνήρ
879 1352 925 1406 τις
955 1327 1117 1410 βάρβαρος
1144 1330 1177 1404 ἐξ

44 1429 265 1511 τοἈρμενίων
283 1428 338 1490 καί
360 1423 508 1510 Τούρκων
529 1425 601 1510 φύς,
623 1428 711 1512 ξίφος
741 1426 862 1492 ἔσωθεν
883 1427 946 1492 τῶν
969 1427 1098 1510 ἀμφίων
1120 1427 1178 1510 φέ-

88 1551 172 1609 ρων,
204 1526 286 1592 ὐπάν
306 1523 361 1591 τύν
380 1519 598 1608 αὐτοκράτορα
623 1531 687 1591 τάν
711 1525 988 1613 συσφαιρτζάντων
1009 1521 1179 1608 ἀναστιρά·

87 1651 188 1690 σαντα
205 1621 260 1690 τὸν
279 1621 411 1706 χαλινόν
431 1627 667 1710 ἀπολειφθέντα
687 1625 853 1706 ἐθεάσατο,
874 1628 924 1711 ἐφ’
945 1615 970 1714 ᾧ
992 1625 1179 1708 πνευστιάν·

87 1749 129 1789 τα
151 1722 207 1788 τὸν
227 1726 322 1788 ἵππον
339 1724 525 1803 ἀναψῦξαι,
547 1720 693 1808 πρόσεισι
714 1728 774 1805 μὲν
794 1728 837 1812 cepi
858 1723 1070 1808 αὐτοκράτορι
1088 1747 1179 1806 μονα.

88 1827 191 1886 πετάν
217 1818 287 1903 τίμα
315 1820 372 1887 καί
390 1825 549 1891 αἰτεῖσθαι
572 1822 825 1907 ἀποκρινόμενος.
880 1821 897 1888 6
919 1825 955 1888 δὲ
977 1817 1180 1906 ἀνασειράζει

41 1919 142 1998 ιὸτάν
163 1923 257 1986 ΐππον
271 1919 373 1999 εάθύς
392 1920 449 1986 καί
460 1922 666 2009 ἐπιστραφείς
679 1920 882 2006 ἐπυνθάνετο,
902 1925 938 1987 τί
955 1917 994 1987 ἀν
1008 1919 1043 1984 τά
1069 1920 1178 1987 niteri-

85 2042 181 2101 μενον
201 2019 262 2104 εἴη.
312 2018 330 2087 6
360 2023 395 2086 δὲ
418 2017 533 2106 φονεύς
548 2015 709 2104 μᾶλλονῆ
737 2023 907 2104 προσαίτης
928 2013 986 2103 ὄν,
1006 2017 1063 2102 τὴν
1082 2029 1179 2103 χεῖρα

86 2118 256 2202 ὐποβαλύν
275 2123 332 2185 καί
344 2122 402 2185 τοῦ
421 2121 533 2205 ξίφους
555 2117 719 2199 ἁψάμενος
733 2109 816 2182 εἷλκε
837 2123 894 2184 τοῦ
912 2121 1050 2186 κουλεοῦ.
1092 2114 1126 2182 τὸ
1149 2118 1211 2188 6⁹1)

86 2221 126 2282 οὐ
148 2221 310 2284 συνείπετο
330 2223 369 2302 τῇ
384 2219 479 2302 χειρί.
501 2211 584 2294 ἀπαξ
607 2210 665 2282 οὐν
681 2215 739 2281 κατ’
756 2219 806 2294 δίς
821 2221 877 2282 τοῦ
895 2220 954 2300 μὲν
966 2221 1078 2301 ξίφους
1100 2219 1179 2280 ἀπο-

74 2313 291 2399 πειρώμενος,
319 2323 384 2391 τοῖς
405 2317 440 2379 δὲ
458 2319 578 2398 geriem
606 2317 738 2398 ψευδεῖς
757 2313 896 2400 αἰτήσεις
913 2319 1075 2398 συνείρων,
1098 2305 1176 2380 ἀπσ-

37 2411 180 2498 wyrste
197 2413 251 2479 καί
270 2416 484 2496 προσουδίσας
506 2410 616 2480 ἑαυτὸν
637 2415 674 2502 τῇ
692 2417 749 2501 γῇ,
770 2411 868 2482 ἔκειτο
888 2415 1072 2499 συγγνώμην
1092 2418 1273 2494 tint-1³45„

85 2513 246 2594 τούμενος.
287 2511 304 2576 6
328 2517 363 2578 δὲ
377 2510 453 2599 πρὸς
473 2514 575 2578 αὐτὸν
589 2517 729 2600 στρέψας
743 2513 798 2580 τὸυ
808 2513 948 2598 χαλινόν,
970 2511 1079 2598 ἠρώτα
1100 2509 1175 2577 tirou

85 2612 183 2698 χάριν
204 2610 389 2698 συγγνώμην
417 2615 507 2678 αἰτεῖ.
560 2617 614 2679 καί
632 2608 667 2690 ὃς
686 2607 722 2680 τά
746 2618 838 2700 ξίφος
869 2606 930 2679 σύν
951 2613 1036 2698 αὐτῷ
1057 2609 1176 2699 κουλεῷ

157 2822 428 2902 3.1εριοῖκακάν.
498 2833 523 2887 8.
544 2824 775 2900 τίιίνοτττ.(ὶ.Ι
856 2845 896 2882 τι.
914 2819 1004 2886 ίπάντ
1025 2829 1069 2884 ἐπ’
1089 2819 1176 2884 αὐτὸν

156 2902 213 2954 CG·
300 2901 510 2976 σφαιριζόντων
527 2903 582 2957 CG.
673 2919 712 2973 ιφ.
731 2902 824 2962 συνείς
844 2899 900 2953 CG.

85 3113 179 3159 tamen
194 3105 270 3178 queri
287 3109 375 3162 iussus
395 3114 453 3172 est,
479 3105 643 3179 exsequitur.
671 3119 770 3160 ¹rerum
794 3117 846 3156 nec
867 3097 1006 3162 minando,
1022 3109 1072 3151 ner.
1090 3093 1173 3169 polii-

86 3177 183 3240 ⁰²⁰⁴¹⁰s
202 3195 252 3230 nec
271 3181 410 3234 sustento
429 3181 561 3250 Diogenes
581 3177 679 3230 adduci
735 3177 797 3240 tuit,
816 3182 847 3228 ut
865 3173 908 3226 vel
928 3171 1065 3224 minimam
1083 3170 1172 3221 consi*

87 3249 186 3298 iiururn
204 3257 307 3318 partem
328 3250 474 3319 detegeret.
509 3249 577 3320 quid
594 3195 841 3319 posessiomaguo
865 3241 1022 3304 domestico,
1040 3241 1086 3311 qui
1102 3233 1173 3292 bene

86 3325 195 3379 nosset,
213 3335 268 3388 qno
288 3321 418 3374 malorum
435 3323 570 3388 Diogenes
587 3330 696 3383 rueret,
723 3331 828 3387 gravem
848 3331 879 3367 ea
900 3331 941 3368 res
959 3307 1079 3364 dolorem
1098 3317 1172 3362 attu-

87 3389 128 3439 tis.
165 3389 299 3458 siquidem
315 3393 449 3458 Diogenes
467 3385 583 3443 sorerem
610 3407 762 3460 germanam
781 3391 847 3440 natu
864 3386 1000 3438 minimam
1022 3381 1047 3434 ei
1066 3381 1096 3432 in
1114 3393 1172 3430 tna-

87 3458 216 3509 trimoniu
233 3460 418 3514 collocaverat
455 3471 620 3530 quapropter
637 3455 719 3514 etiam
745 3454 861 3512 lacrimis
879 3474 940 3508 eum
959 3455 1099 3506 obsecrare
1116 3465 1172 3502 non

85 3525 177 3580 «leniit.
213 3528 282 3582 nihil
298 3539 388 3583 umen
417 3531 565 3602 quidquam
611 3529 719 3596 refecit,
738 3531 791 3582 etsi
807 3527 903 3581 veteris
921 3524 1066 3578 memoriae
1085 3535 1172 3573 recor-

86 3598 224 3651 dationem
243 3610 386 3670 repeteret.
422 3601 535 3654 ludente
553 3618 624 3654 emm
638 3601 789 3671 aliquando
809 3598 971 3669 imperatore
989 3594 1045 3664 pila
1064 3591 1093 3644 in
1113 3608 1171 3642 maa

85 3670 132 3736 gni
148 3668 242 3736 palatii
259 3685 335 3732 area,
363 3671 494 3724 barbarus
520 3671 630 3742 quidam
649 3670 682 3724 ab
702 3669 834 3723 Armeniis
863 3676 892 3720 ct
910 3663 1004 3723 Turcis
1026 3657 1171 3724 oriundus,

86 3737 176 3805 gladio
203 3737 254 3790 snb
280 3740 398 3792 restibus
423 3741 707 3805 abditu,cumillu1n
730 3741 814 3795 irenis
831 3735 954 3790 adductis
974 3751 989 3786 a
1007 3733 1105 3785 ceteris
1126 3747 1171 3782 so·

85 3810 144 3870 ciis,
161 3826 217 3879 quo
235 3827 306 3882 eque
322 3811 461 3864 anhelanti
479 3812 628 3882 respirandi
651 3814 768 3882 spatium
785 3809 870 3871 daret,
891 3819 1041 3876 segregasse
1061 3819 1090 3856 te
1109 3805 1170 3856 nni-

85 3877 281 3945 masirertissst,
302 3882 402 3934 assidit
417 3881 452 3934 asl
475 3883 559 3953 pedes
575 3879 752 3952 imperatoris,
777 3875 894 3951 petenu‘s
912 3877 1011 3948 specie.
1048 3875 1080 3936 is,
1098 3889 1169 3995 εραο

85 3948 177 4002 rtatim
195 3959 313 4017 retento,
325 3968 468 4006 conversus
487 3953 600 4006 adeum
622 3959 803 4023 percontatur,
822 3945 889 4020 quisi
905 3948 998 4000 vellet.
1035 3948 1092 3997 tum
1112 3945 1169 4006 ite,

86 4019 135 4089 qui
165 4021 273 4074 sicarius
300 4025 391 4093 potius
421 4041 502 4094 quam
522 4020 660 4077 mendicae
677 4032 744 4085 erat,
769 4019 898 4074 submissa
920 4031 1000 4069 manu
1018 4012 1170 4084 gladinme

82 4089 182 4156 ragina
198 4093 312 4146 educere
321 4093 451 4217 perabat.
488 4111 609 4164 curruque,
625 4095 708 4148 semel
726 4096 877 4162 iterumque
898 4089 968 4140 sactu
987 4093 1092 4148 conatu,
1112 4087 1169 4136 tru-

85 4167 141 4210 stra
159 4170 238 4226 esset,
257 4180 320 4218 rnen
339 4167 380 4218 aci
398 4163 539 4218 verborum
558 4163 766 4234 supplicatione,
788 4157 862 4214 humi
883 4165 1042 4230 prostratus,
1063 4153 1169 4207 veniam

86 4228 188 4282 orabat.
223 4234 377 4328 imperatori
393 4235 428 4288 ad
447 4253 510 4290 eum
534 4252 660 4290 converso
687 4232 946 4309 percunctantique,
964 4231 1039 4282 culus
1065 4227 1102 4280 rei
1121 4237 1169 4294 pt·

141 4335 223 4386 Arma
242 4337 390 4392 Centrum.
934 4347 970 4402 ap
