3042 4909
516 323 730 389 anuxraurs
757 328 835 388 ιιο.
862 327 919 388 ιιι.
948 327 978 391 a.
1210 323 1283 407 171
1354 377 1358 385 .

208 481 324 566 τὴχθη.
375 473 461 562 εἶχεν
491 469 548 542 οάν
579 478 622 560 τῷ
650 472 857 558 αὐτοκράτορι
886 472 1048 549 δυσκόλως
1074 473 1114 538 τό
1146 468 1292 556 πράγμα-

169 647 170 650 ,
206 606 256 662 τα,
272 580 466 664 μεριζομένῳ
486 577 629 661 φροντίσι
649 577 872 652 παντοδαπαῖς.
913 569 931 636 ό
954 576 989 637 δέ
1009 582 1149 655 γενναῖος
1171 569 1216 636 τόν
1234 571 1291 636 καί

209 673 358 760 άτρεστος
381 677 434 740 καί
444 677 518 760 περί
535 671 574 738 τά
595 670 746 754 πολεμικά
768 670 845 756 ἐργα
867 670 1033 758 ἐμπειρίαν
1050 671 1168 756 πολλὴν
1188 691 1373 757 κεκτηιρρο

208 779 321 859 μόνος,
341 775 485 858 ἐβούλετο
517 775 551 839 ἐκ
578 776 695 836 πολλοῦ
716 769 872 849 κλύδωνος
900 777 946 849 εἰς
962 769 1103 848 ἀλύπους
1124 772 1220 846 ἀκτάς
1240 767 1296 853 τήν

183 883 201 942 5
208 876 375 958 βασιλείαν
396 867 492 951 αὖθις
522 873 771 956 ἐγκαθορμίσαι,
799 873 863 938 τῶν
888 875 1144 955 ἐπανισταμένων
1169 872 1297 955 ἐχθράν

210 978 254 1052 είς
275 971 398 1061 ἀφρόν,
431 976 510 1038 &soci
531 973 655 1059 ἀρωγῇ,
688 974 903 1054 διαλυομένων
921 971 1068 1055 κυμάτων
1088 971 1198 1056 δίκην,
1217 970 1295 1055 όπη-

211 1077 281 1138 νίκα
303 1082 373 1150 ταῖς
392 1077 522 1156 πέτραις
540 1069 787 1157 προσαράξουσι.
818 1073 889 1136 δίον
910 1065 968 1137 οάν
987 1069 1065 1154 ἔγνω
1083 1069 1204 1148 πάντας
1222 1069 1299 1146 τούς

213 1171 294 1236 κατά
314 1170 372 1257 τήν
390 1169 545 1255 ἀνατολήν
574 1169 736 1261 τοπάρχας
758 1167 840 1254 ταχό
869 1173 1164 1253 μετακαλέσασθαι,
1186 1165 1298 1236 όπόσοο

212 1269 352 1357 φροάριά
378 1295 414 1335 τε
444 1272 499 1334 καί
523 1269 630 1346 πόλεις
661 1273 843 1353 κατέχοντες
875 1274 1023 1354 γενναίως
1051 1279 1116 1345 τοῖς
1145 1269 1296 1352 Τοάρκοις

168 1371 486 1436 ιοάντικαθισταντο.
507 1368 608 1446 eddela
633 1363 690 1433 οάν
710 1368 790 1452 πρός
812 1363 952 1444 ἅπαντας
972 1368 1147 1455 διαφόρους
1165 1367 1295 1450 σχεδιά-

211 1471 257 1546 ζει
278 1468 428 1554 γραφάς,
456 1464 536 1552 πρός
557 1491 590 1532 τε
611 1466 665 1533 τόν
684 1467 870 1552 Δαβατηνόν
891 1467 1101 1554 τοποτηρητὴν
1122 1471 1297 1552 τηνικαῦτα

210 1571 266 1652 τῆς
286 1566 365 1634 κατά
378 1564 506 1632 Πόντον
520 1566 709 1650 Ἡρακλείας
729 1566 786 1632 καὶ
803 1569 1036 1654 Παφλαγονίας
1051 1570 1296 1651 χρηματίζοντα,

210 1666 266 1732 καί
284 1665 339 1732 τόν
362 1666 528 1752 Βοάρτζην
542 1665 706 1751 τοπάρχην
723 1658 799 1733 ὄντα
814 1671 1046 1744 Καππαδοκίας
1061 1671 1116 1732 καί
1130 1668 1325 1750 Χώματοςιλ

165 1864 410 1948 ι5ξυμπεσόντα
443 1869 525 1930 &soii
553 1868 683 1954 προνοίρι
715 1871 760 1942 είς
789 1865 846 1951 τὴν
875 1864 1108 1953 αὐτοκράτορος
1137 1867 1299 1952 περιωπήν

210 1963 398 2046 ἀνεβιβασεν
419 1965 452 2041 ἐξ
474 1964 627 2048 όπογυίου
647 1965 794 2030 κινδόνου
816 1965 1005 2050 παραδόξως
1018 1969 1173 2048 σωθέντα,
1193 1993 1297 2052 παρα-

209 2063 410 2146 κελευόμενος
438 2064 475 2126 δέ
495 2066 557 2127 τεόν
575 2065 735 2149 σφετέρων
767 2069 882 2149 χωροδν
907 2067 1057 2149 πρόνοιαν
1077 2066 1189 2150 ἱκανήν
1209 2089 1298 2149 ποιη-

209 2166 387 2246 σαμένους,
418 2165 723 2248 κατασφαλάιασθαι
757 2164 859 2240 ου’τάς
891 2168 946 2229 καί
978 2169 1186 2248 ἀποχρῶντος
1219 2165 1299 2248 πρός

200 2263 303 2326 ’τοῦτο
321 2259 517 2346 στρατιοότας
532 2267 728 2346 καταλιπεῖν,
746 2259 828 2342 μετὰ
844 2264 879 2327 δὲ
895 2266 959 2326 τῶν
979 2260 1149 2326 ἐπιλοίπων
1163 2264 1219 2337 ἐἰς
1239 2261 1298 2345 τὴν

160 2385 200 2427 ao
216 2361 451 2426 Κωνσταντίνου
472 2361 723 2446 παραγινεσθαι,
758 2366 1026 2445 συνεπαγομὲνους
1047 2365 1102 2426 καί
1122 2366 1300 2438 νεολέκτους

211 2459 365 2542 ἀκμῆτας,
388 2459 524 2536 όπόσους
546 2457 701 2526 δύναιντο.
736 2453 806 2527 εἶτα
820 2463 886 2525 δεῖν
906 2457 984 2543 ἔγνω
1005 2459 1060 2526 καί
1078 2461 1119 2526 τά
1141 2459 1219 2558 καρὰ
1243 2463 1299 2526 τόν

205 2555 403 2644 Ῥομπὲρτον,
426 2557 470 2636 σός
490 2554 577 2641 ἐνόν,
595 2564 958 2648 προκατασφαλάιασθαι
977 2562 1034 2626 καί
1050 2558 1124 2638 τοάς
1141 2574 1327 2647 apesque-c

278 2759 304 2812 3.
323 2756 459 2884 ἄτρεστος
473 2762 509 2825 Δ,
526 2759 660 2833 ἄτρεπτος
677 2761 731 2816 PG.
818 2783 843 2834 ρ.
863 2763 1044 2837 προσάξουσι
1058 2765 1090 2817 Δ.
1182 2780 1224 2817 αι.
1246 2758 1297 2819 τόν

278 2846 331 2884 om.
380 2867 387 2883 .
488 2846 531 2884 aa.
549 2835 823 2905 amcapoettaastas
837 2837 868 2887 d.

208 2998 348 3054 habebant
370 3001 539 3072 imperatoris
565 3017 616 3066 res,
637 3019 669 3055 ac
694 3002 816 3056 diversae
839 3018 902 3056 eum
924 3019 1005 3055 curas
1031 3003 1185 3057 nabebunt.
1203 3021 1296 3056 verrrrn

209 3087 270 3122 cum
291 3087 421 3140 generoso
449 3081 477 3124 et
502 3073 640 3144 intrepido
671 3076 761 3126 auimo
778 3082 851 3126 esset
867 3083 896 3125 et
920 3090 1017 3143 magno
1035 3075 1074 3124 rei
1092 3073 1208 3126 bellicae
1230 3093 1296 3140 usu,

209 3141 363 3194 decreverat
382 3160 415 3195 ex
432 3143 586 3196 vehementi
608 3146 754 3198 iactatione
781 3145 816 3196 ad
834 3153 892 3196 tuta
910 3145 1002 3197 littora
1018 3144 1222 3212 rempublicam
1237 3163 1296 3196 rur-

206 3229 251 3264 sus
264 3213 411 3282 appellere,
428 3214 561 3279 hostibus,
577 3217 625 3286 qui
647 3216 793 3281 instabant,
811 3215 863 3267 deo
875 3217 992 3279 iuvante,
1010 3215 1040 3266 in
1057 3232 1178 3283 spumam
1198 3231 1296 3268 evane-

206 3281 358 3348 scentibus,
377 3293 408 3336 ut
425 3285 522 3338 ductus
540 3288 647 3350 solent,
664 3304 723 3338 curn
744 3287 779 3338 ad
796 3287 921 3357 scopulos
937 3286 1095 3338 alliduntur.
1115 3288 1297 3338 necesssrium

205 3353 290 3422 igitur
307 3353 404 3419 duxit,
422 3371 513 3408 omnes
532 3357 562 3408 in
584 3357 695 3413 Oriente
713 3358 857 3427 toparchas
874 3358 1001 3410 celeriter
1018 3373 1160 3418 arcessere,
1180 3358 1296 3427 quiman-

207 3439 261 3496 que
279 3424 386 3477 arcibus
404 3425 571 3497 urbibusque
590 3437 732 3496 praeerant
750 3446 781 3480 ac
794 3429 1003 3480 fortiterTurcis
1021 3429 1185 3480 restiterant.
1203 3429 1297 3498 itaque

206 3496 300 3546 statim
317 3497 352 3547 ad
371 3513 463 3548 ornnes
481 3497 584 3550 litteras
603 3499 684 3562 misit,
702 3498 737 3549 ad
753 3499 939 3562 Dabetenum‚
958 3499 1104 3550 Heracleae
1123 3499 1250 3550 Ponticae
1268 3509 1298 3551 ct

206 3565 490 3636 Paphlagoniae·tum
508 3571 637 3638 temporis
655 3569 839 3638 praesectum,
866 3579 895 3622 et
920 3570 957 3622 ad
978 3571 1117 3632 Rurtaem,
1146 3569 1297 3638 praesidem

206 3635 397 3706 Cappadociae
416 3646 443 3689 et
460 3638 606 3703 Chomatis‚
626 3649 654 3692 et
673 3639 708 3690 ad
726 3649 830 3693 cetoros
850 3640 948 3706 duces3
967 3656 1093 3710 quaeque
1111 3638 1162 3692 sibi
1181 3641 1297 3695 accidis-

206 3715 267 3759 sent
285 3725 316 3760 ae
343 3707 479 3778 quomodo
506 3709 551 3761 dei
568 3709 739 3779 providentia
765 3711 801 3764 ad
820 3713 991 3781 imperatoris
1010 3711 1170 3780 dignitatem
1188 3721 1296 3766 evectus

206 3786 296 3842 esset,
317 3795 351 3830 ex
379 3781 516 3849 praesenti
536 3782 658 3849 periculo
681 3791 789 3850 praeter
809 3783 1040 3851 exspectationem
1057 3790 1193 3845 serratus,
1211 3799 1296 3852 expo·

205 3849 261 3901 suit
278 3857 361 3920 atque
380 3851 414 3900 iis
431 3851 582 3918 imperavit,
600 3859 631 3903 ut
645 3861 790 3922 postquam
801 3853 918 3905 castellis
936 3851 1053 3920 quisque
1071 3851 1126 3905 suis
1143 3852 1215 3905 bene
1232 3872 1297 3923 pro-

204 3922 356 3989 spexissent
385 3936 471 3991 saque
498 3929 556 3972 tuta
575 3923 779 3992 praestitissent,
795 3923 895 3975 idoneo
913 3923 1031 3973 rnilitum
1048 3939 1160 3974 ιιιιιτιετο
1178 3925 1207 3975 in
1222 3924 1296 3976 bunc

205 4007 281 4042 usaria
300 3992 404 4056 relicto,
424 4007 484 4043 cum
501 3993 596 4044 ceteris
618 3995 703 4063 copiis
725 3995 832 4064 Cpolim
853 3994 1039 4055 convenirent,
1057 3994 1192 4064 simulque
1210 4011 1296 4047 novos

205 4061 304 4114 milites
326 4081 406 4132 quam
425 4062 554 4132 plurimos
572 4065 601 4114 in
630 4065 849 4134 supplementum
868 4064 951 4116 lectos
971 4063 1145 4121 adducerent.
1164 4065 1227 4118 (lein
1246 4067 1296 4117 ad-

205 4147 295 4184 versus
313 4134 457 4186 liebertum
476 4126 537 4198 sibi,
557 4144 687 4204 quantum
706 4143 814 4206 posset,
831 4135 1045 4204 praecavendum
1066 4136 1248 4200 existimabat,
1267 4145 1296 4188 et
1333 4181 1339 4192 .

205 4205 252 4274 qui
271 4203 306 4258 ad
323 4222 385 4260 eum
399 4205 513 4260 transire
535 4205 638 4260 vellent
657 4205 739 4260 duces
758 4207 944 4277 comitesque,
971 4223 988 4259 a
1005 4216 1105 4262 conatu
1123 4206 1294 4262 coercendos.
