3042 4909
341 386 425 471 258
683 406 823 471 tunae
857 403 1081 469 corruente

335 566 399 631 coia
429 558 582 623 πλειόνων
608 558 662 619 καί
691 554 872 634 παιζόντων
899 546 1078 636 άνθροάπιον
1106 550 1163 618 καί
1181 548 1346 637 δρτυγίαις
1378 556 1439 617 καί

335 656 445 737 άλλοις
477 658 618 738 αἰσχίοσι
644 656 801 738 παιγνίοις
836 656 1115 736 ίνασχολουμίναν
1142 651 1196 718 διά
1225 653 1283 739 τὴν
1301 649 1437 737 χλιδήν,

260 810 262 818 .
334 760 427 844 λόγον
449 758 485 822 di
504 758 560 820 καί
578 756 746 820 παίδευσιν
764 750 892 819 άπασαν
911 750 1059 836 τεχνικὴν
1079 755 1113 818 ἐν
1133 755 1282 843 παρέργῳ
1303 756 1440 834 τιθεμέ-

333 884 408 927 νοιν.
452 852 554 930 οὕτως
583 847 641 918 σόν
673 850 749 929 τοάς
769 854 912 918 ἐνταῦθα
942 850 1073 934 ἔχοντας
1095 850 1250 928 όἸταλάς
1269 850 1438 939 εάρηκοάς,

334 962 392 1024 καί
408 956 562 1040 α’νδράσιν
591 952 747 1034 ὁμιλήσας
778 956 1000 1035 σχολαστικαῖς
1027 948 1084 1015 καί
1102 952 1297 1044 άμειλίκτοις
1321 951 1381 1017 κατ’
1398 952 1467 1023 τό5

332 1052 413 1141 ἦθος
433 1056 571 1139 α’γρίοις,
593 1046 691 1137 (ἦσαν
712 1051 775 1137 γάρ
804 1054 876 1116 τότε
898 1054 957 1115 καί
975 1074 1055 1126 τινες
1075 1050 1151 1134 περὶ
1167 1049 1225 1136 την
1243 1049 1439 1135 βασιλεύου-

333 1182 395 1223 σαν
416 1157 553 1221 τοιοῦτοι
566 1156 592 1239 ,)
615 1153 762 1223 παιδείαις
784 1152 890 1213 τοίνυν
911 1151 1034 1233 λογικῆς
1053 1151 1088 1228 ἐξ
1106 1151 1232 1216 ἐκείνοιν
1250 1152 1437 1237 μετασχών,

333 1257 390 1321 καί
404 1248 545 1335 Μιχαῆλ
574 1252 682 1337 ἐκείνῳ
704 1250 748 1336 τῷ
774 1251 884 1335 Ψελλῷ
915 1250 950 1313 ἐν
967 1245 1090 1338 άστέρῳ
1110 1252 1376 1335 προοαμιλησεν,
1399 1249 1440 1329 δς

334 1356 373 1419 οδ
394 1354 476 1418 πάνυ
497 1374 546 1417 τοι
564 1346 651 1432 παρά
673 1350 876 1424 διδασκάλοις
894 1355 1007 1432 σοφοῖς
1029 1350 1199 1435 ε’φοίτησε,
1227 1346 1281 1414 διά
1303 1350 1439 1437 φάσεως

303 1457 370 1521 cdi
390 1449 552 1535 δεξιότητα
571 1448 627 1514 καί
644 1446 716 1522 νοός
736 1446 889 1531 ὀξύτητα,
912 1445 1023 1528 τυχαόν
1044 1452 1154 1529 μέντοι
1174 1451 1230 1513 καί
1248 1452 1331 1513 θεοῦ
1344 1453 1436 1536 α’ραν·
1450 1476 1486 1515 ιο

332 1556 390 1636 γοῦ
411 1550 491 1634 πρός
510 1548 631 1623 τούτοις
647 1544 701 1610 διά
722 1542 779 1629 τῆν
799 1541 1001 1629 θερμοτάτην
1019 1543 1140 1612 ἱκεσίαν
1157 1551 1213 1632 τη”ς
1231 1547 1352 1634 μητρός
1373 1552 1437 1614 αδ-

332 1652 389 1716 τοῦ
410 1644 672 1731 ἐπαγρυπνοόσης
692 1648 876 1733 συχναῖςτῷ
894 1647 981 1734 ἐντῷ
1003 1646 1070 1735 ναῷ
1086 1652 1145 1712 τοῦ
1155 1644 1268 1732 Κόρου
1281 1652 1338 1735 τῆς
1358 1654 1438 1714 θεο-

332 1746 426 1815 τόκου
459 1748 563 1835 σεμνῷ
591 1747 785 1824 εἰκονίσματι
821 1742 879 1806 καί
902 1747 1036 1826 θερμοῖς
1059 1754 1124 1821 τοῖς
1162 1747 1318 1830 δάκρυσιν
1349 1748 1436 1837 άπὲρ

332 1850 389 1915 τοῦ
411 1844 526 1921 παιδός
547 1846 787 1926 ἐκκαλουμένης,
809 1844 854 1916 εἰς
868 1836 965 1925 άκρον
985 1844 1101 1928 σοφίας
1122 1844 1245 1932 άιιάσης
1273 1850 1438 1933 ε’ληλακοὶς

228 1966 263 2019 V.
277 1950 389 2017 ιιδκαί
408 1944 448 2011 τά
465 1942 621 2025 Ἑλλήνων
636 1942 691 2008 καί
710 1938 749 2007 τά
762 1943 938 2006 Χαλδαίων
952 1936 1222 2026 άκριβοισάμενος,
1243 1951 1350 2031 γέγονε
1370 1956 1436 2025 τοῖς
1448 1954 1485 2016 15

331 2042 402 2112 τότε
421 2042 549 2128 χρόνοις
570 2040 755 2126 περιβόητος
770 2043 804 2104 ἐν
817 2044 927 2129 σοφίρι.
953 2042 1050 2131 τούτῳ
1060 2046 1138 2125 γοῦν
1159 2043 1315 2123 δ’[ταλός
1335 2071 1435 2133 προσ-

334 2144 488 2229 ομιλήσας
517 2146 553 2209 ἐν
590 2142 773 2230 άπαιδεάτιρ
802 2132 878 2224 ἤθει
908 2141 965 2205 καί
986 2146 1176 2233 βαρβαρικῷ
1203 2146 1261 2210 ου’κ
1294 2143 1436 2231 η’δόνατο

300 2246 528 2331 Βφιλοσοφιάς
557 2244 603 2316 είς
631 2239 734 2323 βάθος
765 2242 892 2321 ἐλθεῖν,
915 2240 1116 2307 διδασκάλοιν
1133 2239 1216 2320 άλιος
1236 2248 1314 2329 μηδ’
1336 2248 1371 2310 ἐν
1391 2248 1438 2335 τῷ

333 2340 508 2427 μανθάνειν
528 2340 725 2423 (ἐνεχόμενος,
746 2334 891 2421 θράσους
914 2332 960 2399 aiv
978 2337 1096 2418 μεστός
1109 2340 1165 2407 καί
1183 2343 1336 2421 άπονοίας
1353 2350 1437 2430 βαρ-

410 2529 431 2565 ι.
443 2510 584 2567 πλειόνων
601 2508 766 2581 &veodam
782 2508 832 2559 καὶ
843 2501 1002 2569 παιζόντων
1015 2510 1045 2571 Δ,
1053 2510 1193 2568 πλειόνων
1205 2515 1255 2566 καλ
1272 2512 1435 2577 παιζόντων

405 2581 571 2649 άνθρώπιυν
589 2582 640 2631 PG.
712 2583 760 2632 καὶ
778 2585 841 2627 ante
861 2574 1007 2647 όρτυγίαις
1027 2597 1080 2629 om.
1098 2582 1155 2631 AG.
1227 2582 1432 2655 όρωγοσζραις

406 2652 445 2715 G,
465 2652 609 2721 δρτησίαις
617 2652 647 2713 Α,
660 2646 810 2719 δρθυγὶαις
819 2646 847 2697 Ρ.
861 2650 972 2731 correxi.
983 2648 1037 2700 rid.
1051 2659 1172 2704 annotat.
1250 2670 1275 2705 a.
1294 2652 1433 2725 ἄσχολοι).

406 2722 540 2794 μένωνῦ.
612 2720 636 2771 3.
650 2714 920 2791 τεχνικὴνιλογικην
933 2721 963 2773 Δ.
1032 2723 1058 2773 6.
1076 2740 1150 2782 τινες
1161 2724 1285 2779 τοιοῦτοι
1297 2732 1366 2798 περὶ
1381 2721 1435 2793 τὶν

406 2791 652 2861 βασιλείουσανλ.
723 2788 1086 2861 ρ.οδπάνυικαὶπάνυλ.
1158 2796 1330 2865 analogum,
1393 2816 1433 2851 10,

408 2860 688 2948 δξίιτηταιεάθδτητα
706 2860 735 2911 Α.
806 2864 860 2933 μέν
872 2878 900 2913 τι
909 2862 939 2911 λ.
1016 2878 1053 2911 ιι.
1076 2860 1123 2917 διὰ
1139 2858 1189 2931 τὴν
1205 2866 1433 2940 θερμοτάτην-

408 2932 499 2987 αάτοό
518 2932 581 2995 AG,
610 2932 658 2987 δια
675 2922 725 2999 τόν
742 2930 791 2998 τῆς
814 2926 920 3004 μητρός
936 2930 1115 3003 θερμοτάτην
1136 2938 1247 2993 ἱκεσίαν
1263 2936 1348 2992 αὐτοῦ
1371 2942 1435 2991 Pet

406 3002 613 3057 omissoudroti
633 3006 661 3057 C.
765 3000 1061 3075 ιι.ίντῷλ,αότρί
1078 3004 1131 3057 PG.
1203 3010 1379 3082 -ι3.σεμνρῐ
1396 3010 1433 3067 C.

408 3076 502 3146 (λεπτῷ
519 3074 596 3127 PAG.
672 3072 710 3127 15.
728 3068 761 3126 ui
784 3072 964 3123 alterumom.
984 3074 1015 3125 Λ.
1090 3079 1129 3130 ro,
1147 3076 1272 3135 κόπτεις
1289 3079 1322 3133 G.
1401 3082 1435 3136 ι,

409 3152 501 3219 σοφίᾳ
520 3162 573 3197 om.
592 3143 625 3197 G.
736 3146 775 3197 18.
793 3140 987 3200 διδασκόντων
1009 3142 1065 3197 CG.

340 3302 394 3357 que
415 3282 532 3353 agebant
553 3298 585 3332 ac
602 3280 771 3333 coturnicum
793 3280 987 3332 certaminibus
1013 3290 1042 3333 et
1060 3282 1119 3335 aliia
1138 3284 1306 3354 turpioribus
1323 3284 1434 3337 ludicris

339 3367 447 3427 tempus
466 3352 593 3406 terebant
610 3369 659 3421 per
675 3351 832 3414 mollitiem,
848 3350 953 3403 litteras
973 3360 1002 3402 et
1019 3369 1126 3405 omnem
1143 3354 1318 3407 honestarum
1336 3358 1434 3408 artium

341 3430 444 3481 cultum
461 3422 671 3493 vilipendentes.
693 3424 731 3475 ita
752 3430 921 3491 comparatos
940 3440 1000 3473 cum
1016 3424 1103 3475 Italus
1121 3423 1244 3477 homines
1265 3427 1341 3479 hicce
1358 3428 1436 3479 inse-

341 3502 442 3561 nisaet,
465 3504 493 3547 et
509 3492 667 3547 doctoribus
688 3492 846 3544 umbraticis
874 3494 1005 3562 durisque
1029 3504 1112 3565 atque
1135 3496 1285 3565 agrestibus
1309 3514 1374 3550 usus
1392 3515 1434 3549 es-

342 3579 399 3632 set,
420 3570 492 3640 (nam
511 3573 588 3617 erant
604 3572 662 3615 tum
681 3565 811 3633 temporis
831 3563 900 3616 tales
925 3565 954 3614 in
971 3562 1039 3615 urbe
1057 3566 1210 3639 nonnulli,)
1228 3556 1289 3619 cum
1309 3569 1332 3619 is
1353 3569 1436 3636 igitur

342 3641 442 3693 litteris
461 3635 584 3689 eruditus
602 3634 636 3685 ab
655 3634 697 3686 his
716 3642 806 3698 esset,
824 3636 904 3685 etiam
923 3632 1086 3687 Michaelem
1110 3638 1188 3688 illum
1204 3638 1322 3690 Psellum
1340 3646 1435 3708 postea

342 3711 424 3775 adiit,
442 3708 489 3781 qui
508 3708 559 3759 etsi
578 3714 783 3777 praeceptorum
801 3705 941 3757 doctorum
961 3705 1066 3758 scholas
1078 3707 1191 3759 minime
1208 3710 1435 3779 frequentaverat,

342 3791 434 3835 tamen
451 3777 570 3832 naturali
587 3779 688 3845 ingenii
702 3777 866 3829 dexteritate
888 3784 916 3827 et
932 3778 1065 3843 acumine,
1084 3777 1200 3832 adhaec
1222 3782 1303 3832 etiam
1324 3779 1370 3831 dei
1386 3797 1435 3830 au-

342 3854 437 3905 xilium
456 3858 550 3902 nactus
569 3849 604 3901 ob
622 3850 713 3899 neutris
730 3865 825 3917 preces
844 3845 1053 3912 ardentissimas,
1077 3850 1179 3902 crebris
1198 3850 1299 3920 vigiliis
1318 3850 1353 3901 ad
1372 3868 1436 3903 san-

343 3932 414 3973 ctam
430 3921 557 3992 deiparae
576 3919 604 3971 in
619 3920 679 3987 Cyri
696 3917 801 3987 templo
818 3918 961 3987 imaginem
975 3936 1031 3970 non
1054 3921 1112 3971 sine
1124 3920 1240 3974 lacrimis
1258 3920 1369 3973 fervidis
1384 3937 1434 3992 pro

343 3992 395 4045 tilii
405 3993 491 4044 salute
502 3992 583 4054 lusae,
593 4006 726 4042 summum
738 3988 827 4039 omnis
842 3990 991 4058 sapientiae
1011 3990 1145 4061 fastigium
1160 4002 1297 4044 assecutus
1316 4002 1389 4053 erat,
1408 4000 1436 4044 et

344 4080 405 4114 cum
415 4060 580 4114 Graecorum
598 4062 679 4114 simul
694 4070 723 4113 et
740 4058 941 4112 Chaldaeorum
954 4059 1058 4113 litteras
1073 4064 1193 4131 apprime
1203 4062 1324 4127 calleret,
1342 4080 1384 4113 ma
1420 4079 1436 4112 a

342 4142 401 4186 tum
413 4133 542 4202 temporis
556 4132 695 4185 doetrinae
710 4130 794 4183 laude
804 4130 928 4183 florebat.
946 4128 1012 4183 huic
1024 4132 1107 4201 igitur
1124 4134 1209 4185 ltalua
1221 4150 1332 4203 operam
1344 4132 1377 4184 de
1399 4134 1436 4193 it,

344 4202 392 4257 sed
411 4204 540 4273 quoniam
560 4202 620 4254 rudi
649 4212 678 4256 et
706 4202 823 4255 barbaro
841 4202 951 4271 ingenio
966 4210 1040 4265 erat,
1070 4203 1098 4255 in
1116 4202 1228 4272 adytum
1245 4203 1435 4274 philosophiae

344 4282 489 4346 penetrare
507 4290 562 4327 non
583 4276 690 4345 potuit,
712 4273 857 4345 praecipue
880 4270 954 4343 quod
981 4282 1190 4345 praeceptores,
1208 4290 1263 4347 qua
1284 4284 1344 4328 erat
1361 4288 1436 4327 arro·
