3042 4909
579 412 818 477 PRAEFATIO.
1141 410 1234 471 xtrx

116 570 201 632 fieri
215 616 231 649 ,
253 570 371 652 Regem
402 567 614 631 Baldewinum
645 568 682 631 ae'
705 569 784 633 velie
811 568 972 631 honorare
991 574 1024 630 et
1044 588 1158 631 amare.
1199 568 1234 627 in

121 670 257 733 eadem
281 669 436 753 legatione
465 669 506 731 ab
527 668 719 752 imperatore
740 670 899 733 decretum
920 676 987 746 est,
1007 676 1044 729 ut
1061 666 1234 749 Episcopus

119 773 169 835 de
184 772 373 834 Barcinona
394 792 466 833 eum
488 769 573 853 opud
589 770 760 831 Romanum
781 772 876 831 Pout.
895 770 1085 844 Paschalem,
1108 768 1147 830 de
1166 777 1233 829 tra.

118 874 266 936 ditione
284 872 343 934 sibi
366 871 509 955 imposita
530 881 696 934 excusaret.
739 870 804 931 Sed
816 872 1027 954 praevaluisse
1046 869 1234 953 suspiciones,

121 992 180 1035 cx
206 972 395 1058 maeotim
418 984 556 1056 apparet.
600 970 1129 1052 Cer.xevu1.Eugelradueautem
1149 968 1235 1031 miles

122 1072 272 1155 quidam
292 1073 326 1134 iu
358 1073 524 1134 Ierusalem
549 1080 708 1155 repertus,
731 1070 911 1133 muneribus
930 1072 1047 1154 unguis
1069 1071 1110 1131 ab
1130 1070 1233 1152 lmpe.

123 1184 255 1237 ratore
276 1172 468 1250 honoratus,
497 1172 581 1235 bonu
617 1172 730 1235 nuncia
758 1170 943 1254 reportavit,
963 1180 996 1233 et
1016 1171 1183 1233 amicitiam
1203 1180 1235 1232 et

124 1274 239 1336 tidem
259 1273 337 1356 Regi
359 1270 537 1335 Beldewino
550 1275 773 1356 imperatorem
793 1272 871 1335 velle
890 1272 1067 1353 observare,
1088 1280 1121 1335 et
1139 1294 1234 1355 perc.

127 1375 252 1457 grinoe
272 1396 335 1436 uon
357 1372 441 1435 ultra
463 1372 630 1436 offendere.
673 1372 732 1436 Sed
746 1372 915 1455 Episcopus
937 1372 1163 1456 aliquantalum
1183 1395 1235 1435 re·

130 1476 227 1538 nisus
249 1483 295 1537 eet
315 1474 513 1557 Imperatori,
535 1481 667 1558 propter
688 1473 902 1535 infidelitatem
924 1495 998 1557 erga
1011 1472 1124 1553 Gallos,
1141 1496 1234 1557 quam

129 1578 182 1639 ab
206 1597 244 1638 eo
265 1576 404 1638 extorsit.
458 1576 663 1657 Quapropter
688 1575 722 1635 iu
754 1573 960 1637 amaritudine
991 1574 1084 1635 animi
1104 1575 1235 1635 Romam

132 1676 286 1759 tendens,
307 1677 645 1761 ipsumlmperutorem
665 1676 844 1738 criminatus
866 1686 912 1739 est
933 1678 964 1737 in
989 1677 1115 1739 ecelesia
1134 1676 1233 1737 Bene-

135 1786 299 1855 ventano,
320 1786 353 1839 et
383 1777 454 1839 ideo
484 1776 643 1858 assumptis
667 1776 778 1839 litteris
807 1776 902 1859 ipsius
921 1777 1105 1859 Apostolici,
1126 1778 1233 1861 queri.

137 1879 250 1942 monio
271 1879 373 1962 gravis
399 1876 483 1961 apud
506 1898 611 1941 omues
640 1878 800 1961 Principes
821 1876 939 1941 Galliac
966 1898 1057 1961 super
1080 1880 1147 1961 ipso
1169 1881 1233 1941 im-

40 1996 50 2007 ·
139 1989 296 2063 peratore
316 1978 398 2041 sucta
418 1986 472 2042 est.
