3042 4909
355 372 517 437 navtuts
546 372 784 439 unisonum
810 373 1050 440 PRAEFATIO.
1147 377 1243 440 xum

150 556 275 641 partim
310 556 423 621 menda
445 558 565 621 tibrarii
598 559 749 637 tollendo,
784 561 900 642 partim
933 560 1055 622 iaouues
1081 559 1243 643 explendo,

150 676 376 739 nonnusquam
409 659 502 721 etium
523 660 609 721 Notis
630 660 781 743 quaedam
801 660 1001 740 illustrando,
1021 669 1172 745 quantum
1190 663 1242 723 iu-

149 758 240 839 genii
260 759 394 819 tenuitas
422 772 467 821 est
488 780 585 841 passa,
607 759 820 843 temporisque
847 760 995 843 angustia,
1017 761 1042 823 si
1061 754 1145 845 quod
1166 780 1244 843 ope·

155 879 216 919 rae
236 858 375 939 pretium
395 858 525 921 candide
548 858 728 921 iudicaturis
749 860 880 923 videbor·
900 862 1026 939 secuse,
1048 860 1158 921 tatoris
1177 880 1243 923 nou

152 958 276 1041 absque
297 960 400 1041 magui
424 959 486 1021 viri
506 960 676 1023 autoritate
698 961 835 1043 suseepti
854 961 953 1023 miuus
974 982 1026 1023 me
1044 960 1242 1043 poenitebit5

153 1068 190 1119 et
222 1056 262 1117 ad
282 1059 359 1119 aiios
382 1060 548 1141 scriptores
578 1059 627 1122 vel
652 1060 801 1142 integrius
831 1071 927 1144 atque
952 1062 1162 1138 emendatius,
1192 1058 1243 1125 vel

151 1160 252 1218 etiam
276 1178 375 1221 noros
394 1181 430 1221 ex
450 1160 558 1222 eadem
580 1171 680 1221 vestra
701 1160 797 1223 ittust.
810 1161 889 1222 Bibi.
906 1161 1105 1242 publicandos
1123 1160 1242 1222 facilius

153 1256 327 1321 invitabar.
367 1260 451 1320 Deus
473 1261 549 1342 Opt.
570 1262 614 1319 M.
634 1260 672 1320 A.
684 1260 722 1320 V.
743 1263 830 1321 cuius
845 1259 984 1342 euspicio
1003 1270 1036 1321 et
1054 1261 1242 1323 liberalitate

153 1356 318 1419 laboribus
340 1357 371 1419 id
393 1378 487 1441 genus
507 1380 619 1420 vacare
642 1381 791 1442 possum,
816 1360 982 1425 florentem
1003 1370 1098 1445 utque
1117 1359 1241 1422 ineolu-

153 1478 238 1519 mem
260 1478 354 1539 quam
378 1457 546 1521 diutissime
567 1470 743 1521 conservet.

279 1572 431 1656 Augustae
452 1574 543 1637 Viud.
565 1574 667 1658 pridie
686 1576 765 1637 Nou.

198 1669 371 1766 Septembr.
396 1674 435 1741 A.
459 1676 490 1742 S.
514 1679 552 1741 N.
575 1678 706 1739 MDCX.

783 1778 819 1838 A.
861 1778 900 1841 V.
942 1778 982 1841 Ο.

702 1894 834 1957 Davrn
857 1892 1150 1961 Houseuaarus.
1174 1896 1209 1957 A.

503 2105 509 2118 Ι
565 2108 823 2129 *ua-...-

444 2318 525 2380 AD
569 2309 950 2379 LECTOREM.

169 2491 236 2586 Ea
257 2519 431 2606 quindecim
452 2518 563 2580 Arium
584 2514 756 2577 Comaeaae
779 2515 1080 2599 Porphyragemretae
1110 2510 1243 2574 Alexia-

156 2624 202 2684 dis
220 2623 316 2696 libris,
336 2641 409 2702 quos
431 2619 589 2679 illmtriam
609 2618 871 2679 Bibliothecarum
895 2612 1037 2697 catalogi
1054 2614 1167 2675 Mum
1188 2615 1242 2674 ia·

156 2736 250 2799 ctam,
274 2735 339 2783 octo
359 2721 408 2779 iiic
430 2716 536 2779 danius
552 2731 695 2800 perpetuo
703 2720 779 2797 sere
800 2718 977 2779 taaaaros:
1002 2731 1073 2801 quot
1091 2731 1121 2778 et
1138 2716 1243 2801 quales

156 2824 298 2882 nimirum
318 2842 359 2881 ear
383 2818 563 2901 Augratano
591 2808 779 2902 autographo
801 2831 1031 2902 repraesentare
1048 2818 1141 2879 licuit.
1183 2814 1242 2876 Sa·

155 2925 213 2981 tius
233 2922 313 2981 enim
341 2922 439 2981 visum
470 2940 531 2978 rem
556 2917 738 2978 litterariam
766 2918 849 2978 nobis
869 2920 952 2991 ,hune
980 2920 1131 3000 semissem
1165 2936 1243 2976 aune

155 3020 276 3107 quidem
292 3020 417 3097 debere,
443 3038 540 3103 quam
568 3032 628 3081 toto
658 3012 811 3079 aeternum
833 3037 947 3079 tumre.
997 3018 1197 3098 integr-iarum
1217 3025 1247 3075 et

158 3122 316 3182 meliorum
338 3122 562 3204 exemplarium
588 3120 725 3192 domiai,
747 3121 860 3179 atinam
883 3116 1037 3178 iavt'ziiam
1056 3117 1245 3195 uorrseruut,

157 3234 184 3280 et
202 3221 364 3281 luminibus
386 3222 493 3281 nostris
505 3221 728 3303 quamprimum
739 3219 902 3279 obstruant.
946 3214 1245 3277 Praestantissimum

157 3320 289 3379 Fatrum
318 3321 443 3401 Regium
476 3320 600 3380 Tolosae
629 3332 794 3381 senatorem
830 3319 1007 3379 nominatim
1034 3305 1244 3401 appellamur',

156 3420 242 3505 apud
260 3442 349 3504 quem
371 3420 479 3501 magui
503 3420 625 3480 Caiacii
646 3420 780 3481 codicem
799 3432 926 3481 exstare
951 3419 1046 3478 aiunt.

240 3519 337 3580 Porro
360 3519 562 3605 Aanaefabai
584 3520 751 3601 periculum
779 3522 813 3579 iu
832 3541 879 3580 me
898 3540 958 3581 nou
981 3516 1103 3600 recipio,
1123 3516 1248 3597 memmi

157 3618 242 3703 apud
263 3618 426 3703 Vopiscum
447 3621 551 3701 legere,
574 3619 727 3683 nemiuem
741 3620 944 3703 scriptorum,
967 3628 1118 3704 quantum
1138 3614 1178 3677 ad
1196 3612 1248 3675 hi·

157 3719 286 3779 storiam
308 3722 455 3801 pertinet,
481 3742 544 3782 non
566 3720 684 3803 aliquid
710 3741 773 3783 esse
795 3722 973 3783 mentitum:
997 3738 1065 3781 cum
1083 3717 1247 3780 contendo·

156 3818 243 3879 aibus
266 3820 422 3880 incaluere
444 3820 556 3901 animi,
581 3818 708 3901 difficile
726 3823 887 3883 ueritatem
909 3832 988 3881 recto
1014 3816 1101 3880 oculo
1120 3826 1248 3891 tuentur,

157 3932 184 3976 et
202 3920 262 3978 uia
283 3931 325 3980 est
348 3923 420 4003 quin
440 3921 562 4003 aliquid
580 3923 707 4004 patriae
727 3934 757 3982 et
774 3920 964 4006 propinquis,
994 3917 1074 3979 inter
1093 3936 1168 4001 quos
1180 3930 1247 3997 pa-
1336 3995 1342 4015 Ι

145 4004 201 4075 'ter
217 4019 321 4101 primo
344 4021 419 4099 loco,
441 4021 617 4112 concedam,
637 4022 664 4081 si
688 4022 868 4106 praesertim
874 4020 1038 4097 foeminae
1066 4034 1174 4078 manas
1193 4032 1248 4073 ea·

158 4117 273 4177 lamam
294 4120 395 4181 durat.
438 4121 507 4181 Hic‘
524 4122 831 4199 estsoedissimorum
858 4120 1157 4197 corruitiorumsons,
1177 4112 1248 4193 qui·

46 4299 50 4309 ¹
158 4214 206 4279 bru
226 4218 323 4281 Anna
344 4220 493 4283 interdum
523 4224 705 4285 muliebriter
719 4226 750 4285 ia
777 4223 912 4300 Latinos,
934 4216 1130 4304 Pautficem,
1149 4212 1248 4276 attot-
