3042 4909
395 371 607 433 ιιιοιιιιιιιιο
635 371 710 432 nn.
741 372 796 431 ιιι.
824 377 858 438 ε.
1090 341 1169 427 ι63

3 491 5 614 i
165 524 197 588 8.
247 523 384 588 Τοιαῦτα
416 517 454 584 τὰ
485 521 540 602 τῆς
566 517 715 596 Ἀλεξίου
742 519 906 600 βασιλείας
925 523 1088 604 προοίμια.
1131 514 1175 584 ου’

3 617 4 706 J
74 622 213 710 μάρτυς
247 615 464 704 ου’τοκροὶτορα
490 620 600 682 τοῦτον
633 617 758 693 εἰκότως
784 614 821 683 τό
844 642 880 702 γε
906 619 964 683 νιῖν
986 615 1170 698 ὀνομάσειε,

74 728 136 809 τῆς
158 721 392 804 ου’τοκρὰτορος
403 719 561 802 περιωπῆς
581 711 666 793 ἅπαξ
680 717 958 802 ἐποκληρωθείσης
975 721 1050 802 παρ’
1069 719 1172 782 adrat

73 825 118 910 τῇ
142 825 248 904 μητρί.
273 812 367 893 ἄλλος
377 819 437 897 μὲν
458 807 515 880 σίν
534 817 642 898 νόμοις
664 819 920 900 ἐγκωμιαστικσϊς
944 816 1092 901 ἐκείνων,
1111 821 1200 882 ιτα-Β

48 923 177 1006 ὅτρίδα
204 923 263 1002 τῆς
290 919 476 997 θαυμασίας
504 917 624 998 ἐκείνης
654 915 774 1000 μητρὸς
805 918 971 981 ἐπαινείτω
1004 917 1061 982 καί
1085 923 1174 1002 γένος

77 1019 163 1104 πρὸς
184 1013 378 1102 ’Λθριανσύς
406 1018 544 1092 ἐκείνους
572 1013 645 1090 τοὺς
674 1016 902 1099 Δαλασσηνοές
936 1013 1174 1103 ἀναφερόμενον

77 1117 140 1182 καί
161 1115 337 1200 Χίρωνος,
359 1113 413 1178 καί
431 1117 474 1200 τῷ
494 1108 621 1197 πελάγει
643 1118 707 1179 ττόν
734 1119 802 1178 κατ’
824 1117 960 1190 ἐκείνους
980 1115 1175 1200 προτερημέ·

78 1242 149 1281 των
170 1219 335 1302 ἐπαφιέτω
353 1212 534 1296 τὸνλόγον·
575 1211 648 1294 ἐμοί
668 1216 703 1279 δὲ
718 1212 860 1299 ἱστορίαν
874 1210 1097 1302 ξυμμραφούσῃ
1119 1209 1175 1278 cdx

80 1319 120 1380 ἐκ
141 1319 251 1398 γένους
281 1316 336 1378 καί
357 1317 491 1394 αἳματος
509 1309 660 1395 προσήκει
678 1312 793 1397 ταύτην
823 1318 1084 1398 χαρακτηρίζειν,
1103 1314 1174 1378 ἀλλ’

38 1417 122 1480 ιοέιι
139 1413 261 1496 τρόπου
290 1410 346 1476 καί
377 1411 490 1495 ἀρετῆς
519 1409 574 1474 καί
607 1411 747 1494 τούτων,
771 1409 896 1478 ὁπόσων
922 1411 1013 1497 ὁτῆς
1032 1411 1175 1497 ἱστορίας

81 1513 276 1578 ὑποτίθεται
309 1510 412 1593 λόγος.
464 1509 516 1575 ἵνα
546 1506 607 1594 γὰρ
636 1507 715 1595 πρὸς
748 1513 868 1596 ἐκείνην
887 1513 1173 1596 ἐπαναδραμοῦμαι
1182 1521 1215 1579 V.
1224 1523 1258 1594 7³

82 1611 141 1677 καί
155 1604 271 1692 αὖθις,
291 1610 416 1692 ἀξίωμα
443 1612 502 1690 μέν
524 1602 582 1672 οὖν
615 1612 762 1691 μέγιστον
784 1608 868 1694 ader}
889 1613 929 1675 ου’
946 1615 1102 1693 γυναικῶν
1117 1611 1204 1692 isi-C

83 1735 158 1790 νον,
182 1705 263 1776 ἄλλα
285 1713 341 1776 καί
361 1709 501 1794 ἐρρένων
522 1709 697 1774 καθίστατο
717 1709 772 1772 καί
791 1708 908 1792 κόσμος
937 1714 992 1794 τῆς
1013 1711 1175 1795 α’νθρωπί·

83 1835 142 1896 νης
163 1809 312 1897 φύσεως,
339 1804 396 1892 τῆν
424 1810 459 1874 δέ
491 1807 565 1892 περί
588 1804 627 1874 τοὶ
648 1811 797 1889 βασίλεια
818 1818 1034 1892 γυναικωνῖτιν
1054 1807 1176 1874 παντά-

38 1919 167 1981 ι5πασι
188 1911 418 1994 διεφθορυῖαν,
440 1903 548 1983 ἐξότου
568 1907 585 1971 ὅ
606 1909 804 1990 Μονομιίχος
817 1911 933 1984 ἐκεῖνος
952 1905 986 1973 τέ
1008 1912 1065 1991 τῆς
1084 1914 1178 1990 βασι-

86 2014 176 2084 λείας
196 2005 369 2090 ἀνεδήσατο
400 2007 538 2090 κράτος,
572 2007 628 2070 καί
646 2007 693 2080 είς
712 2005 834 2090 ἔρωτας
855 2005 989 2090 α’λόμους
1009 2007 1180 2074 ἀποκλίνα-

88 2134 151 2174 σαν
171 2111 227 2173 καί
245 2110 342 2192 μέχρι
363 2107 418 2192 τῆς
439 2106 604 2187 βασιλείας
627 2101 750 2183 τούμοῦ
769 2103 908 2188 πατρός,
929 2107 983 2171 ἐπί
1001 2103 1036 2171 τὸ
1058 2111 1180 2188 βέλτιον

89 2203 309 2288 ἐλλοιοίσασα,
330 2209 375 2282 είς
394 2203 511 2285 κόσμον
532 2199 758 2284 ἐπαινούμενον
775 2201 951 2287 μετήνεγκε.
971 2208 1027 2270 καί
1043 2197 1082 2290 ἦν
1101 2207 1182 2271 idcir

92 2306 134 2372 τοὶ
171 2307 319 2388 βασιλεια
347 2305 519 2390 τηνικαῦτα
551 2301 669 2381 τάξεως
700 2298 926 2387 ἐπαινουμένης
953 2303 1179 2389 μετειληχότα·

39 2406 143 2473 unani
161 2404 224 2490 γὰρ
260 2400 355 2489 ὅρους
375 2428 409 2470 τε
439 2407 501 2470 τῶν
522 2403 620 2468 θείων
640 2397 748 2480 ἐμνων
769 2396 857 2478 ἔταξε
881 2405 936 2467 καί
953 2401 1084 2485 καιρούς
1106 2401 1181 2489 ἐρί-

86 2527 167 2571 στου
189 2528 224 2570 τε
256 2506 311 2569 καί
339 2501 547 2588 ἆρχαιρεσίας
582 2499 733 2585 ἐπήξατο,
766 2500 892 2587 στάθμη
926 2505 982 2566 καί
999 2498 1102 2568 κανων
1118 2512 1213 2580 rotgo

85 2607 186 2670 πᾶσιν
207 2602 290 2688 ου’τὴ
310 2611 468 2687 γεγονυῖα,
491 2601 534 2676 τίς
547 2599 584 2666 τὰ
605 2591 752 2684 βασιλεια
765 2602 886 2682 μᾶλλον
900 2598 972 2685 ἱερὰ
995 2601 1182 2687 φροντιστή-

88 2729 148 2792 ρια
176 2699 261 2770 εἶναι
293 2706 407 2768 δοκεῖν.
463 2701 596 2785 τοιαύτη
617 2724 664 2775 τις
690 2694 729 2786 ἧν
758 2699 779 2787 ἡ
808 2699 977 2788 ὑπερφυής
1006 2707 1060 2768 καί
1084 2696 1182 2780 ’ὄντας

171 2905 211 2946 ιο.
230 2887 339 2944 ὁπόσον
357 2887 414 2945 CG.
488 2889 527 2942 ιδ.
546 2885 739 2946 ἐποκλλνασαν
756 2884 792 2951 C,
815 2883 1011 2944 ὕποτλίνασακ
1029 2887 1083 2940 PG.
1141 2903 1180 2957 ιο

165 2958 200 3016 τὰ
218 2962 345 3031 βασίλεια
363 2975 416 3011 om.
433 2959 460 3011 P.

161 3117 187 3170 θ.
208 3113 368 3167 Huiusmodi
379 3114 455 3166 fuere
468 3113 547 3166 initia
558 3111 647 3165 Alexii
659 3111 747 3180 regum
769 3126 831 3162 nam
848 3110 1037 3179 imperatorem
1054 3125 1116 3162 eum
1126 3108 1180 3164 hoc

89 3185 204 3256 quidem
216 3195 336 3256 tempore
346 3185 437 3235 dicere
446 3186 491 3236 rix
499 3185 572 3246 licet,
585 3201 644 3236 cum
654 3182 824 3252 imperatoria
835 3190 997 3251 potestatem
1008 3181 1092 3232 semel
1101 3183 1179 3233 matri

88 3257 262 3310 concesserit.
272 3257 325 3306 iam
335 3256 404 3308 alius
417 3255 581 3307 laudationis
592 3253 698 3323 legibus
710 3252 870 3322 obsequens,
879 3254 994 3321 patriam
1004 3252 1096 3303 matris
1105 3251 1179 3303 illins

89 3327 258 3378 aehnirnhiiis
271 3341 407 3396 genusque
426 3327 460 3378 eb
475 3325 599 3377 Adrianis
611 3324 666 3376 iilis
678 3324 832 3375 Delasssnis
847 3331 875 3374 et
890 3323 1059 3378 eburonibus
1077 3323 1180 3389 repeti-

88 3407 147 3450 tam
165 3398 285 3450 celebrat
301 3407 382 3467 atque
395 3399 423 3448 in
435 3396 598 3466 amplissimo
606 3410 701 3464 campo
713 3393 809 3446 horum
819 3395 948 3445 virtutum
960 3401 1084 3445 excurrat
1102 3395 1178 3460 λιστος

88 3485 133 3520 me
145 3469 286 3520 historiam
304 3467 525 3530 conscribentem,
543 3482 599 3519 non
615 3481 759 3534 exgenere
773 3473 802 3516 et
812 3467 942 3533 sanguine
953 3463 1105 3518 describere
1120 3481 1178 3514 eam

88 3547 210 3608 oportet.
231 3539 278 3589 sed
308 3555 341 3590 cx
367 3537 487 3589 moribus
506 3546 534 3589 et
552 3539 652 3589 virtute
671 3535 852 3605 omnibusque
873 3537 907 3587 iis
923 3534 1013 3600 rebus,
1031 3538 1060 3586 in
1078 3535 1177 3608 quibus

89 3609 247 3662 enarrandis
258 3609 371 3661 historia
384 3617 514 3660 versatur.
531 3609 623 3678 itaque
642 3615 672 3658 ut
684 3606 719 3657 ad
736 3607 811 3658 illum
824 3608 922 3659 iterum
932 3607 1080 3670 redeamus,
1097 3623 1177 3659 orna-

88 3689 211 3732 mentum
228 3680 339 3750 qnidsm
357 3681 415 3750 ipsa
433 3679 485 3730 init
509 3696 564 3730 non
588 3677 731 3729 mulierum
748 3676 830 3728 modo
849 3679 1010 3740 maximum,
1028 3679 1075 3729 sed
1094 3678 1177 3729 etism

88 3753 206 3802 virorum
233 3767 264 3802 ac
291 3751 373 3802 decus
390 3759 502 3801 naturae
522 3749 843 3816 humena0335nacceum
863 3758 953 3799 antem
970 3748 1084 3817 palatii,
1099 3748 1176 3820 qnod

90 3824 201 3873 omnino
221 3821 430 3892 perditissimum
451 3828 521 3882 erut,
542 3835 575 3870 ex
595 3835 649 3888 qno
668 3825 791 3886 tempore
809 3819 1004 3881 Monomachus
1022 3819 1071 3870 ille
1088 3819 1175 3888 impc-

89 3893 131 3943 rio
150 3895 253 3978 potitus
271 3902 329 3956 est,
354 3901 381 3944 et
409 3891 442 3942 ad
459 3899 553 3958 turpes
571 3905 600 3940 sc
621 3897 790 3940 converterat
806 3905 910 3940 amores
929 3905 1016 3958 usque
1033 3890 1068 3941 ειΙ
1085 3893 1174 3960 ipsum

88 3972 174 4032 patrm
191 3965 245 4015 mci
274 3965 432 4033 imperium,
456 3961 553 4012 melius
581 3957 701 4012 reddidit
718 3959 924 4030 laudandosque
942 3976 1029 4011 mores
1047 3964 1174 4014 restitnit.

90 4041 174 4104 atquc
192 4035 246 4086 iam
267 4049 390 4086 cerneres
409 4033 541 4104 palatium
566 4030 595 4081 in
614 4029 714 4081 bonam
742 4030 865 4092 ordinem
884 4029 1045 4098 adductnm3
1066 4049 1126 4084 nam
1145 4040 1175 4085 et

89 4113 162 4156 certa
183 4105 287 4173 hymnis
309 4107 389 4157 sacris
406 4113 528 4173 tempora
546 4101 702 4170 descripsit,
732 4117 849 4171 suasque
869 4108 898 4153 et
913 4101 1028 4170 prandio
1046 4111 1074 4154 et
1090 4120 1175 4171 nego·

90 4175 136 4227 tiis
158 4175 274 4246 publicis
300 4175 448 4228 tractandis
473 4173 553 4226 horas
575 4173 729 4224 constituits
754 4172 901 4240 inquibus
922 4171 1093 4226 observandis
1114 4175 1173 4244 ipsa

92 4247 244 4316 exemplum
264 4256 293 4300 et
310 4247 387 4316 quusi
415 4245 506 4316 regula
524 4241 648 4298 omuibus
665 4251 740 4296 crat:
764 4249 796 4295 ut
811 4243 942 4312 palatium
958 4261 1062 4298 sacram
1081 4245 1172 4315 potius
