3042 4909
516 336 728 403 οιοοοοιε
756 340 832 403 ete.
861 342 916 405 vr.
944 342 977 407 o.
1203 315 1283 401 301

207 486 338 553 καὶτοῦ
357 485 469 553 xiim
489 485 545 553 ναί
564 492 679 570 μέχρις
700 489 801 554 atreo
820 491 876 556 τού
892 490 1007 571 flayed
1025 488 1216 570 ἐξουσιάζων
1236 492 1293 555 καί

206 582 264 672 ’τῆς
282 590 475 669 Ἀντιοχείας
488 585 754 671 ἀντιποιούμενος,
775 588 846 653 ε’πεί
857 588 912 654 τάν
925 586 1030 674 Ἀμῆρ
1044 592 1189 670 Σολυμοῖν
1207 590 1296 676 α’φη-

206 684 352 765 νιάζοντα
383 684 493 767 idione
523 684 578 751 καί
607 686 664 771 την
689 692 745 771 τῆς
766 688 960 771 Ἀντιοχειας
984 687 1089 773 α’ρχὴν
1108 683 1213 775 ἑαυτῷ
1231 683 1294 773 ἤδη

206 782 475 869 περιποιούμενοι,
496 784 557 849 σύν
575 780 664 860 ὅλαις
678 787 851 867 δυνάμεσιν
868 786 1091 875 ἓνμεταιχμίῳ
1110 789 1168 853 τοῦ
1179 786 1293 853 Χάλειτ

180 884 334 967 διαίτης
364 886 560 966 Ἀντιοχείας
581 882 830 968 ’καταλαμβάνει
884 886 1110 971 συνηντηνάτος
1142 890 1179 952 di
1205 886 1293 975 αύτῷ

206 982 264 1048 τοῦ
283 978 386 1067 Ἀμὴρ
407 984 539 1064 Σολυμᾶ
546 1032 556 1065 ,
576 986 711 1065 πόλεμος
732 983 834 1061 εύθύς
853 983 1086 1071 άνοιρρὴχνυται
1103 990 1214 1069 μέγας,
1237 988 1324 1055 nato

206 1079 392 1165 άγχεμάχου
423 1083 477 1165 τῆς
496 1080 603 1167 μάχης
624 1087 810 1167 γεγονυίας,
836 1088 920 1150 esico
939 1082 971 1149 οἱ
989 1084 1047 1149 τού
1067 1088 1198 1164 Σολυμᾶ
1217 1081 1293 1149 ύπο·

206 1178 339 1263 σχόντες
359 1175 576 1265 προτροπάδην
595 1178 741 1267 ἔφευγον.
796 1183 897 1249 πολλά
921 1186 958 1248 δὲ
976 1183 1108 1260 τούτους
1122 1180 1294 1269 θαρσύνειν

207 1276 225 1341 d
248 1278 412 1361 Σολυμάς,
442 1278 513 1343 ε’πεί
538 1282 594 1365 τῆς
614 1285 718 1367 φυγῆς
738 1274 941 1365 ἀποσχέσθαι
968 1282 1027 1345 ode
1044 1280 1191 1364 ἔπειθεν,
1210 1282 1293 1367 ύπθρ

154 1379 345 1464 ,τοτεφαλῆς
361 1375 417 1442 τύν
435 1380 579 1444 stridores
592 1376 801 1464 ἐφιστάμενον
816 1380 910 1465 ipris,
933 1382 1140 1465 nopeeeit'eoc
1153 1376 1188 1447 ίν
1206 1382 1294 1447 dese·

207 1476 291 1564 ddesp
310 1476 395 1560 τάχα
414 1474 514 1542 ἐδόκει
534 1475 746 1557 καθεστάναι,
775 1477 830 1543 καί
843 1477 923 1544 κατά
944 1483 1003 1565 γῆς
1021 1477 1078 1564 την
1098 1475 1220 1545 άσπίδα
1241 1501 1294 1545 τι·

205 1576 339 1656 θεαιάς,
369 1576 419 1641 ἐπ’
452 1578 537 1665 αύτῇ
565 1579 778 1663 προσουδίσας
804 1576 953 1664 ἐκάθητο.
1006 1582 1075 1645 ἀλλ’
1099 1580 1139 1643 ού
1163 1583 1294 1645 διέλαθε

205 1672 280 1753 τούς
300 1671 490 1762 ὁμοφύλους.
511 1676 783 1763 προσεληλυθότος
801 1678 864 1763 γάρ
889 1678 976 1766 αύτῷ
994 1683 1077 1753 τινὲς
1093 1681 1157 1744 τάν
1174 1702 1294 1759 σατρα·

205 1776 274 1839 πάν
293 1774 399 1858 ἔλεγον
417 1774 470 1841 τὸν
482 1780 569 1841 θεῖον
584 1776 684 1843 sicori
701 1774 880 1862 Τουτούσην
897 1780 1162 1859 μεταπέμπεσθαι
1185 1775 1292 1842 αύτύν.

161 1873 223 1943 ιὸύ
243 1876 278 1941 δὲ
298 1876 445 1941 α’νένεοεν
466 1872 671 1961 ύφορύμενος
699 1876 755 1942 τάν
782 1880 817 1956 ἐξ
835 1876 937 1941 αύτοῦ
959 1874 1114 1941 κίνδυνον.
1155 1875 1328 1961 &saepi-p,
1341 1915 1388 1972 ¹2⁰

206 1998 269 2041 νοον
290 1976 325 2039 δὲ
346 1977 407 2039 τοῖν
427 1976 618 2059 σατραπῶν,
641 1974 711 2041 ἐπεί
733 1978 775 2041 ού
792 1973 873 2060 πρὸς
891 1972 1001 2059 ἰσχύος
1023 1976 1111 2066 αύτῷ
1129 1975 1292 2041 άντιααθί·

207 2076 343 2139 στασθαι
363 2064 421 2157 ἦν,
443 2067 495 2141 οἷα
515 2074 601 2163 μύνφ
622 2066 705 2156 ὄντι,
733 2077 795 2139 τού·
813 2078 945 2140 noviomi
962 2074 998 2141 τύ
1018 2074 1108 2161 ξίφος
1127 2074 1293 2156 σπασάμε-

205 2194 269 2252 νος,
289 2168 372 2236 ιιατά
394 2174 455 2236 ταῖν
472 2170 561 2236 idries
581 2164 644 2237 ύσε
662 2172 847 2255 σπλάγχνων
863 2174 1039 2257 διαμπερὲς
1057 2170 1094 2237 τά
1107 2176 1200 2257 ξίφος
1218 2171 1292 2236 ε’λά-

205 2295 282 2353 σας,
302 2268 472 2345 καὶκακὸς
491 2271 594 2347 κακοῖς
615 2268 768 2337 dudeco.
807 2273 1006 2363 παραχρῆμα
1026 2274 1102 2354 γοῦν
1121 2269 1152 2335 οἱ
1171 2274 1292 2336 oso-ide·

152 2393 256 2446 οοτες
277 2371 340 2435 τάν
360 2374 415 2435 τοῦ
430 2370 533 2454 Ἀμὴρ
553 2371 685 2452 Σολυμᾶ
703 2371 872 2454 δυνάμεων
902 2371 1128 2457 προσχωροῦσι
1148 2374 1192 2457 τῷ
1213 2375 1293 2435 Του-

207 2468 319 2556 τούσῃ.
371 2464 389 2533 o‘
423 2471 459 2536 dd
479 2470 578 2553 μένας
608 2471 745 2536 σουλτᾶν
772 2474 874 2536 ταῦτα
891 2468 1085 2554 μεμαθηκάς
1105 2472 1160 2535 ναί
1180 2469 1293 2545 δεδιάς

208 2566 261 2635 τὸν
292 2566 472 2654 Τουτούσην
498 2565 799 2654 ἰσχυροποιούμενον
822 2563 903 2655 ἤδη,
933 2569 1098 2635 duloreste
1125 2566 1206 2657 πρὸς
1236 2566 1291 2635 τάν

275 2761 378 2818 (indie
400 2780 431 2824 ος
447 2792 482 2805 --
499 2762 617 2835 Σολυμᾶ
630 2780 683 2817 otn.
702 2763 758 2818 CG·
830 2766 870 2835 td.
887 2762 983 2836 ἔλεγον
999 2781 1052 2817 σοι,
1072 2762 1106 2815 (i.
1158 2770 1221 2833 post
1238 2758 1290 2815 αύ-

275 2833 326 2890 τόν
345 2851 360 2885 a
381 2834 409 2889 d.
426 2834 472 2887 PG
490 2832 660 2900 ἀνέπειθον,
678 2850 729 2887 orn.
748 2833 779 2887 (L
863 2852 902 2905 tp.
921 2835 1037 2891 τιονλεοῦ
1053 2833 1113 2899 Fe,
1128 2832 1227 2890 soleoti
1237 2832 1290 2889 PG.

207 2983 347 3039 didicerat
365 2985 413 3039 sed
430 2988 555 3053 Τοῑοεεε,
573 2988 661 3057 magni
682 2987 784 3041 sultani
800 2984 899 3047 frater,
917 2988 965 3057 qui
983 2986 1174 3055 Hierosolymis
1194 2986 1290 3039 etMe.

208 3058 375 3127 sopotarniae
396 3059 448 3110 toti
474 3067 503 3111 et
520 3058 640 3128 Chaiepo
668 3066 751 3129 atque
769 3056 839 3109 adeo
857 3055 892 3108 sd
910 3055 1026 3126 Bagdarn
1046 3074 1133 3127 usque
1152 3058 1290 3125 imperita-

207 3126 255 3179 bat
272 3133 300 3179 et
318 3128 459 3181 Antiochia
476 3130 560 3199 potiri
577 3128 732 3199 expetebat,
748 3129 799 3179 ubi
816 3129 939 3179 Amerern
956 3128 1092 3195 solymam
1110 3127 1245 3179 deiecisse
1261 3136 1291 3180 et

206 3198 367 3251 Antiochiae
394 3202 534 3269 imperium
562 3199 613 3252 sibi
637 3202 690 3251 iam
707 3214 874 3269 comparasse
892 3207 1033 3261 cerneret,
1057 3199 1142 3266 copiis
1162 3196 1291 3249 omnibns

205 3268 361 3339 profectus,
392 3270 539 3340 Cheiepum
569 3272 641 3323 inter
671 3278 753 3341 atque
783 3269 954 3321 Antiochiam
975 3268 1106 3321 consedit.
1132 3277 1291 3319 occurrente

206 3340 302 3391 emere
320 3340 441 3407 Solyma,
459 3342 592 3411 proelium
610 3342 699 3393 statim
728 3347 849 3393 exortum
869 3348 911 3392 est
929 3356 1072 3407 magnum:
1091 3339 1121 3389 in
1139 3354 1195 3407 quo
1212 3346 1291 3406 post-

206 3410 340 3479 quemad
361 3428 454 3462 manus
471 3420 579 3463 ventum
598 3411 795 3479 est‚Solyn1ae
822 3411 917 3480 copiae
936 3419 1010 3479 terga
1028 3410 1123 3461 dantes
1141 3412 1224 3460 eii'rtse
1244 3408 1291 3458 in·

207 3480 323 3549 giebant.
342 3498 503 3551 magnopere
521 3482 676 3535 cohortatus
687 3483 817 3549 Solymas,
834 3499 895 3533 cuns
916 3498 932 3532 e
950 3481 1012 3549 iuga
1030 3495 1154 3531 revocare
1173 3496 1219 3530 eos
1234 3494 1290 3531 non

205 3560 315 3621 posset,
336 3562 465 3621 qnantum
482 3552 534 3605 sibi
555 3553 705 3623 pericnlum
735 3552 922 3621 impenderet,
943 3552 1125 3622 perspiciens,
1142 3549 1291 3602 declinavit

207 3631 236 3673 et
253 3622 297 3673 ubi
318 3620 346 3672 in
366 3630 425 3673 tuto
443 3624 594 3675 constitisse
612 3622 664 3675 sibi
682 3624 753 3673 visus
773 3632 831 3687 est,
861 3623 950 3691 clipeo
969 3622 1047 3674 humi
1065 3622 1204 3691 apposito,
1223 3618 1291 3671 snb·

206 3692 287 3745 sedit.
305 3708 395 3762 neque
412 3702 504 3744 tamen
522 3694 604 3747 latuit
621 3694 774 3763 populares.
799 3692 958 3746 accedentes
978 3694 1050 3744 enirn
1068 3690 1104 3743 ad
1122 3708 1184 3743 sum
1204 3698 1290 3743 satra·

205 3778 258 3834 pac
277 3763 420 3825 nonnulii,
454 3778 469 3814 a
486 3770 583 3831 patruo
603 3764 687 3833 ipsius
704 3764 807 3817 Tutuse
831 3780 862 3816 se
878 3763 975 3817 missos
995 3762 1142 3825 dicebant,
1159 3762 1208 3831 qni
1227 3777 1288 3815 enen

206 3834 333 3899 accirent3
358 3839 387 3884 at
405 3834 453 3883 iile
471 3835 570 3895 renuit,
586 3835 735 3903 periculum
755 3850 789 3885 ex
808 3851 841 3886 εο
859 3842 990 3885 nietuens.
1009 3832 1172 3885 instantibus
1198 3842 1289 3885 autem

206 3906 334 3975 satrapis,
353 3904 400 3955 ubi
417 3905 445 3955 si
466 3904 590 3955 resistere
607 3922 662 3955 non
679 3912 803 3974 poterat,
822 3905 924 3974 quippe
948 3903 997 3972 qui
1013 3904 1087 3954 sotus
1104 3912 1195 3967 esset,
1221 3903 1291 3955 edo-

205 3984 278 4027 ctum
297 3994 312 4028 e
333 3975 427 4043 vagina
446 3974 563 4043 gladium
593 3975 622 4026 in
641 3992 688 4027 sua
707 3975 818 4026 intrusit
833 3976 943 4038 viscera,
959 3974 1161 4043 transfossoque
1178 3990 1291 4043 corporo

206 4046 293 4097 ennius
310 4046 379 4097 male
393 4046 483 4115 periit.
502 4047 593 4097 statim
617 4046 698 4114 igitur
715 4062 786 4115 quae
813 4046 934 4114 reliquae
954 4050 1031 4095 erant
1046 4046 1149 4097 Ameria
1166 4044 1291 4112 Solymas

207 4118 317 4185 copiae,
335 4118 368 4168 ad
386 4118 516 4169 'l'utusem
535 4123 681 4169 transeunt.
702 4116 743 4167 his
762 4130 871 4183 magnos
888 4115 1009 4165 soltanus
1029 4116 1138 4177 auditis,
1156 4132 1216 4167 cum
1235 4116 1292 4167 Tu·

208 4194 292 4239 turem
311 4188 492 4259 potentiorem
512 4188 563 4239 iarn
583 4187 682 4241 sactum
701 4184 948 4251 metueretsiaoso
967 4186 1001 4239 ad
1019 4186 1208 4257 imperatorem
1227 4186 1292 4239 seis·
