<?xml version="1.0" encoding="UTF-8"?>
<!DOCTYPE html PUBLIC "-//W3C//DTD XHTML 1.0 Transitional//EN"
    "http://www.w3.org/TR/xhtml1/DTD/xhtml1-transitional.dtd">
<html xmlns="http://www.w3.org/1999/xhtml" xml:lang="en" lang="en">
 <head>
  <title>
</title>
<meta http-equiv="Content-Type" content="text/html;charset=utf-8" />
  <meta name='ocr-system' content='tesseract 3.04.00' />
  <meta name='ocr-capabilities' content='ocr_page ocr_carea ocr_par ocr_line ocrx_word'/>
</head>
<body>
  <div class='ocr_page' id='page_1' title='image "./corpusscriptoru63theogoog/corpusscriptoru63theogoog_0138.png"; bbox 0 0 3042 4909; ppageno 0'>
   <div class='ocr_carea' id='block_1_1' title="bbox 280 259 1001 359">
    <p class='ocr_par' dir='ltr' id='par_1_1' title="bbox 280 259 1001 359">
     <span class='ocr_line' id='line_1_1' title="bbox 280 259 1001 359; baseline 0.007 -7"><span class='ocrx_word' id='word_1_1' title='bbox 280 259 338 345; x_wconf 86' lang='lat'><strong><em>80</em></strong></span> <span class='ocrx_word' id='word_1_2' title='bbox 612 290 751 357; x_wconf 80' lang='lat' dir='ltr'>suum</span> <span class='ocrx_word' id='word_1_3' title='bbox 779 290 1001 359; x_wconf 76' lang='lat' dir='ltr'>cononum</span> 
     </span>
    </p>
   </div>
   <div class='ocr_carea' id='block_1_2' title="bbox 185 436 1416 2299">
    <p class='ocr_par' dir='ltr' id='par_1_2' title="bbox 185 436 1416 2299">
     <span class='ocr_line' id='line_1_2' title="bbox 278 436 1361 529; baseline 0.006 -28"><span class='ocrx_word' id='word_1_4' title='bbox 278 439 412 521; x_wconf 80' lang='grc' dir='ltr'><strong><em>ραίωσιν</em></strong></span> <span class='ocrx_word' id='word_1_5' title='bbox 434 438 489 502; x_wconf 69' lang='lat' dir='ltr'>sai</span> <span class='ocrx_word' id='word_1_6' title='bbox 513 436 547 503; x_wconf 85' lang='grc' dir='ltr'><strong><em>τό</em></strong></span> <span class='ocrx_word' id='word_1_7' title='bbox 570 440 752 526; x_wconf 79' lang='grc' dir='ltr'><strong><em>Δρρρόχιον</em></strong></span> <span class='ocrx_word' id='word_1_8' title='bbox 778 442 1029 529; x_wconf 77' lang='grc' dir='ltr'><strong><em>φανταζόμενος,</em></strong></span> <span class='ocrx_word' id='word_1_9' title='bbox 1053 441 1121 505; x_wconf 86' lang='grc' dir='ltr'><strong><em>τότε</em></strong></span> <span class='ocrx_word' id='word_1_10' title='bbox 1146 440 1185 525; x_wconf 75' lang='grc' dir='ltr'><strong><em>θη</em></strong></span> <span class='ocrx_word' id='word_1_11' title='bbox 1207 443 1262 505; x_wconf 77' lang='grc' dir='ltr'><strong><em>καί</em></strong></span> <span class='ocrx_word' id='word_1_12' title='bbox 1277 442 1361 523; x_wconf 79' lang='grc' dir='ltr'><strong><em>μᾶλ-</em></strong></span> 
     </span>
     <span class='ocr_line' id='line_1_3' title="bbox 215 532 1361 625; baseline 0.002 -24"><span class='ocrx_word' id='word_1_13' title='bbox 215 604 218 607; x_wconf 65' lang='grc'><strong><em>,</em></strong></span> <span class='ocrx_word' id='word_1_14' title='bbox 278 544 334 602; x_wconf 88' lang='grc' dir='ltr'><strong><em>λον</em></strong></span> <span class='ocrx_word' id='word_1_15' title='bbox 361 539 563 621; x_wconf 78' lang='grc' dir='ltr'><strong><em>ἔξεφλὲγετο,</em></strong></span> <span class='ocrx_word' id='word_1_16' title='bbox 594 539 650 603; x_wconf 82' lang='grc' dir='ltr'><strong><em>καί</em></strong></span> <span class='ocrx_word' id='word_1_17' title='bbox 679 549 787 625; x_wconf 72' lang='grc' dir='ltr'><strong><em>χεῖρας</em></strong></span> <span class='ocrx_word' id='word_1_18' title='bbox 815 542 870 604; x_wconf 84' lang='grc' dir='ltr'><strong><em>καί</em></strong></span> <span class='ocrx_word' id='word_1_19' title='bbox 899 538 1000 616; x_wconf 79' lang='grc' dir='ltr'><strong><em>πόδας</em></strong></span> <span class='ocrx_word' id='word_1_20' title='bbox 1030 536 1199 616; x_wconf 75' lang='grc' dir='ltr'><strong><em>ἀκάθεκτος</em></strong></span> <span class='ocrx_word' id='word_1_21' title='bbox 1222 532 1261 624; x_wconf 83' lang='grc' dir='ltr'><strong><em>ἦν</em></strong></span> <span class='ocrx_word' id='word_1_22' title='bbox 1279 540 1361 623; x_wconf 84' lang='grc' dir='ltr'><strong><em>πρός</em></strong></span> 
     </span>
     <span class='ocr_line' id='line_1_4' title="bbox 185 624 1361 725; baseline 0.003 -26"><span class='ocrx_word' id='word_1_23' title='bbox 185 624 189 631; x_wconf 47' lang='grc'><strong>’</strong></span> <span class='ocrx_word' id='word_1_24' title='bbox 277 633 338 719; x_wconf 72' lang='grc' dir='ltr'><strong><em>τόν</em></strong></span> <span class='ocrx_word' id='word_1_25' title='bbox 365 640 553 699; x_wconf 87' lang='grc' dir='ltr'><strong><em>ναοστολίαν</em></strong></span> <span class='ocrx_word' id='word_1_26' title='bbox 564 687 574 716; x_wconf 91' lang='grc'><strong><em>,</em></strong></span> <span class='ocrx_word' id='word_1_27' title='bbox 602 640 659 701; x_wconf 80' lang='grc' dir='ltr'><strong><em>καί</em></strong></span> <span class='ocrx_word' id='word_1_28' title='bbox 676 637 749 713; x_wconf 85' lang='grc' dir='ltr'><strong><em>τούς</em></strong></span> <span class='ocrx_word' id='word_1_29' title='bbox 778 637 972 725; x_wconf 74' lang='grc' dir='ltr'><strong><em>στρατιώτας</em></strong></span> <span class='ocrx_word' id='word_1_30' title='bbox 991 636 1163 703; x_wconf 79' lang='grc' dir='ltr'><strong><em>ἐπέσαενόε</em></strong></span> <span class='ocrx_word' id='word_1_31' title='bbox 1182 642 1237 702; x_wconf 86' lang='grc' dir='ltr'><strong><em>καί</em></strong></span> <span class='ocrx_word' id='word_1_32' title='bbox 1255 637 1361 722; x_wconf 91' lang='grc' dir='ltr'><strong><em>λόγοις</em></strong></span> 
     </span>
     <span class='ocr_line' id='line_1_5' title="bbox 279 734 1360 820; baseline 0.006 -23"><span class='ocrx_word' id='word_1_33' title='bbox 279 739 515 816; x_wconf 79' lang='grc' dir='ltr'><strong><em>παροξυντικοῖς</em></strong></span> <span class='ocrx_word' id='word_1_34' title='bbox 542 736 789 820; x_wconf 74' lang='grc' dir='ltr'><strong><em>παρεθάρρυνεν.</em></strong></span> <span class='ocrx_word' id='word_1_35' title='bbox 832 734 848 800; x_wconf 87' lang='grc' dir='ltr'><strong><em>ό</em></strong></span> <span class='ocrx_word' id='word_1_36' title='bbox 872 740 907 801; x_wconf 78' lang='lat' dir='ltr'><strong><em>ot</em></strong></span> <span class='ocrx_word' id='word_1_37' title='bbox 929 736 1166 819; x_wconf 82' lang='grc' dir='ltr'><strong><em>Μονομαχότος</em></strong></span> <span class='ocrx_word' id='word_1_38' title='bbox 1185 741 1285 803; x_wconf 82' lang='grc' dir='ltr'><strong><em>ταῦτα</em></strong></span> <span class='ocrx_word' id='word_1_39' title='bbox 1302 764 1360 803; x_wconf 85' lang='grc' dir='ltr'><strong><em>ιτα·</em></strong></span> 
     </span>
     <span class='ocr_line' id='line_1_6' title="bbox 279 826 1393 925; baseline 0.006 -28"><span class='ocrx_word' id='word_1_40' title='bbox 279 832 491 914; x_wconf 83' lang='grc' dir='ltr'><strong><em>τασκενόοας,</em></strong></span> <span class='ocrx_word' id='word_1_41' title='bbox 514 832 569 899; x_wconf 79' lang='grc' dir='ltr'><strong><em>καί</em></strong></span> <span class='ocrx_word' id='word_1_42' title='bbox 587 826 685 918; x_wconf 72' lang='grc' dir='ltr'><strong><em>ἄλλην</em></strong></span> <span class='ocrx_word' id='word_1_43' title='bbox 702 833 773 899; x_wconf 74' lang='grc' dir='ltr'><strong><em>τινὰ</em></strong></span> <span class='ocrx_word' id='word_1_44' title='bbox 795 836 942 919; x_wconf 77' lang='grc' dir='ltr'><strong><em>τοιαύτην</em></strong></span> <span class='ocrx_word' id='word_1_45' title='bbox 962 828 1139 921; x_wconf 82' lang='grc' dir='ltr'><strong><em>ύσφόλιιαν</em></strong></span> <span class='ocrx_word' id='word_1_46' title='bbox 1160 830 1262 924; x_wconf 72' lang='grc' dir='ltr'><strong><em>ἑαυτῷ</em></strong></span> <span class='ocrx_word' id='word_1_47' title='bbox 1281 838 1393 925; x_wconf 75' lang='grc' dir='ltr'><strong><em>ἔπη-5</em></strong></span> 
     </span>
     <span class='ocr_line' id='line_1_7' title="bbox 281 931 1361 1019; baseline 0.004 -24"><span class='ocrx_word' id='word_1_48' title='bbox 281 933 455 1013; x_wconf 82' lang='grc' dir='ltr'><strong><em>κοόομεῖτο.</em></strong></span> <span class='ocrx_word' id='word_1_49' title='bbox 512 931 625 997; x_wconf 86' lang='grc' dir='ltr'><strong><em>τόντε</em></strong></span> <span class='ocrx_word' id='word_1_50' title='bbox 656 931 716 1015; x_wconf 82' lang='grc' dir='ltr'><strong><em>γόρ</em></strong></span> <span class='ocrx_word' id='word_1_51' title='bbox 745 937 880 999; x_wconf 83' lang='grc' dir='ltr'><strong><em>Βοόῖνον</em></strong></span> <span class='ocrx_word' id='word_1_52' title='bbox 905 936 961 999; x_wconf 87' lang='grc' dir='ltr'><strong><em>καί</em></strong></span> <span class='ocrx_word' id='word_1_53' title='bbox 992 932 1047 998; x_wconf 86' lang='grc' dir='ltr'><strong><em>τόν</em></strong></span> <span class='ocrx_word' id='word_1_54' title='bbox 1084 938 1257 1019; x_wconf 80' lang='grc' dir='ltr'><strong><em>Μιχαηλᾶν</em></strong></span> <span class='ocrx_word' id='word_1_55' title='bbox 1285 938 1361 1012; x_wconf 83' lang='grc' dir='ltr'><strong><em>τούς</em></strong></span> 
     </span>
     <span class='ocr_line' id='line_1_8' title="bbox 252 1029 1360 1120; baseline 0.005 -27"><span class='ocrx_word' id='word_1_56' title='bbox 252 1030 434 1113; x_wconf 76' lang='grc' dir='ltr'><strong><em>Βέξόρχοος</em></strong></span> <span class='ocrx_word' id='word_1_57' title='bbox 464 1032 526 1097; x_wconf 73' lang='grc' dir='ltr'><strong><em>τοῖν</em></strong></span> <span class='ocrx_word' id='word_1_58' title='bbox 547 1036 723 1109; x_wconf 87' lang='grc' dir='ltr'><strong><em>Δαλματῶν</em></strong></span> <span class='ocrx_word' id='word_1_59' title='bbox 749 1030 803 1096; x_wconf 74' lang='grc' dir='ltr'><strong><em>διό</em></strong></span> <span class='ocrx_word' id='word_1_60' title='bbox 824 1056 917 1097; x_wconf 88' lang='grc' dir='ltr'><strong><em>τινων</em></strong></span> <span class='ocrx_word' id='word_1_61' title='bbox 937 1034 1069 1119; x_wconf 73' lang='grc' dir='ltr'><strong><em>γραφῶν</em></strong></span> <span class='ocrx_word' id='word_1_62' title='bbox 1090 1029 1192 1120; x_wconf 74' lang='grc' dir='ltr'><strong><em>ἑαυτῷ</em></strong></span> <span class='ocrx_word' id='word_1_63' title='bbox 1210 1034 1360 1118; x_wconf 75' lang='grc' dir='ltr'><strong><em>ὑπεποιή-</em></strong></span> 
     </span>
     <span class='ocr_line' id='line_1_9' title="bbox 279 1126 1361 1217; baseline 0.002 -24"><span class='ocrx_word' id='word_1_64' title='bbox 279 1154 358 1194; x_wconf 90' lang='grc' dir='ltr'><strong><em>σατο</em></strong></span> <span class='ocrx_word' id='word_1_65' title='bbox 380 1126 492 1213; x_wconf 83' lang='grc' dir='ltr'><strong><em>φίλους</em></strong></span> <span class='ocrx_word' id='word_1_66' title='bbox 518 1130 575 1194; x_wconf 83' lang='grc' dir='ltr'><strong><em>καί</em></strong></span> <span class='ocrx_word' id='word_1_67' title='bbox 604 1133 737 1211; x_wconf 77' lang='grc' dir='ltr'><strong><em>δωρεαῖς</em></strong></span> <span class='ocrx_word' id='word_1_68' title='bbox 764 1133 992 1217; x_wconf 85' lang='grc' dir='ltr'><strong><em>προκατειληφε</em></strong></span> <span class='ocrx_word' id='word_1_69' title='bbox 1017 1132 1072 1207; x_wconf 86' lang='grc' dir='ltr'><strong><em>τός</em></strong></span> <span class='ocrx_word' id='word_1_70' title='bbox 1092 1134 1217 1215; x_wconf 80' lang='grc' dir='ltr'><strong><em>γνώμας</em></strong></span> <span class='ocrx_word' id='word_1_71' title='bbox 1237 1136 1361 1217; x_wconf 75' lang='lat' dir='ltr'>ariscio,</span> 
     </span>
     <span class='ocr_line' id='line_1_10' title="bbox 277 1222 1360 1315; baseline 0.004 -26"><span class='ocrx_word' id='word_1_72' title='bbox 277 1222 384 1311; x_wconf 86' lang='grc' dir='ltr'><strong><em>θύρας</em></strong></span> <span class='ocrx_word' id='word_1_73' title='bbox 413 1226 616 1301; x_wconf 75' lang='grc' dir='ltr'><strong><em>παντοδαπός</em></strong></span> <span class='ocrx_word' id='word_1_74' title='bbox 643 1224 744 1315; x_wconf 75' lang='grc' dir='ltr'><strong><em>ἑαυτῷ</em></strong></span> <span class='ocrx_word' id='word_1_75' title='bbox 769 1230 955 1313; x_wconf 86' lang='grc' dir='ltr'><strong><em>ύπανοίγων.</em></strong></span> <span class='ocrx_word' id='word_1_76' title='bbox 1008 1232 1039 1294; x_wconf 83' lang='grc' dir='ltr'><strong><em>εί</em></strong></span> <span class='ocrx_word' id='word_1_77' title='bbox 1057 1230 1117 1313; x_wconf 77' lang='grc' dir='ltr'><strong><em>γὰρ</em></strong></span> <span class='ocrx_word' id='word_1_78' title='bbox 1139 1233 1195 1295; x_wconf 86' lang='grc' dir='ltr'><strong><em>τού</em></strong></span> <span class='ocrx_word' id='word_1_79' title='bbox 1214 1254 1248 1294; x_wconf 86' lang='grc' dir='ltr'><strong><em>τε</em></strong></span> <span class='ocrx_word' id='word_1_80' title='bbox 1268 1227 1360 1313; x_wconf 86' lang='grc' dir='ltr'><strong><em>Ῥομ-</em></strong></span> 
     </span>
     <span class='ocr_line' id='line_1_11' title="bbox 277 1324 1416 1415; baseline 0.009 -26"><span class='ocrx_word' id='word_1_81' title='bbox 277 1329 393 1405; x_wconf 86' lang='grc' dir='ltr'><strong><em>τιέρτοο</em></strong></span> <span class='ocrx_word' id='word_1_82' title='bbox 414 1324 469 1389; x_wconf 86' lang='grc' dir='ltr'><strong><em>καί</em></strong></span> <span class='ocrx_word' id='word_1_83' title='bbox 495 1328 635 1404; x_wconf 78' lang='grc' dir='ltr'><strong><em>Ἀλεξίου</em></strong></span> <span class='ocrx_word' id='word_1_84' title='bbox 656 1328 840 1412; x_wconf 79' lang='grc' dir='ltr'><strong><em>αότοχήσειε</em></strong></span> <span class='ocrx_word' id='word_1_85' title='bbox 869 1327 924 1391; x_wconf 86' lang='grc' dir='ltr'><strong><em>καί</em></strong></span> <span class='ocrx_word' id='word_1_86' title='bbox 946 1330 1132 1413; x_wconf 81' lang='grc' dir='ltr'><strong><em>α’μφοτέρων</em></strong></span> <span class='ocrx_word' id='word_1_87' title='bbox 1153 1330 1359 1415; x_wconf 75' lang='grc' dir='ltr'><strong><em>ἀποκριθείη,</em></strong></span> <span class='ocrx_word' id='word_1_88' title='bbox 1376 1358 1416 1399; x_wconf 88' lang='lat' dir='ltr'>ro</span> 
     </span>
     <span class='ocr_line' id='line_1_12' title="bbox 278 1419 1391 1515; baseline 0.007 -28"><span class='ocrx_word' id='word_1_89' title='bbox 278 1419 359 1489; x_wconf 83' lang='grc' dir='ltr'><strong><em>εύθύ</em></strong></span> <span class='ocrx_word' id='word_1_90' title='bbox 380 1426 582 1506; x_wconf 84' lang='grc' dir='ltr'><strong><em>Δαλματείας</em></strong></span> <span class='ocrx_word' id='word_1_91' title='bbox 612 1424 754 1506; x_wconf 78' lang='grc' dir='ltr'><strong><em>ἐλάσειε,</em></strong></span> <span class='ocrx_word' id='word_1_92' title='bbox 788 1424 864 1509; x_wconf 86' lang='grc' dir='ltr'><strong><em>πρός</em></strong></span> <span class='ocrx_word' id='word_1_93' title='bbox 885 1450 918 1491; x_wconf 83' lang='grc' dir='ltr'><strong><em>τε</em></strong></span> <span class='ocrx_word' id='word_1_94' title='bbox 947 1429 1082 1491; x_wconf 81' lang='grc' dir='ltr'><strong><em>Βούῖνον</em></strong></span> <span class='ocrx_word' id='word_1_95' title='bbox 1108 1428 1163 1493; x_wconf 73' lang='grc' dir='ltr'><strong><em>κατ’</em></strong></span> <span class='ocrx_word' id='word_1_96' title='bbox 1184 1432 1391 1515; x_wconf 81' lang='grc' dir='ltr'><strong><em>Μιχαηλᾶν·</em></strong></span> 
     </span>
     <span class='ocr_line' id='line_1_13' title="bbox 279 1520 1360 1613; baseline 0.006 -26"><span class='ocrx_word' id='word_1_97' title='bbox 279 1523 452 1602; x_wconf 85' lang='grc' dir='ltr'><strong><em>αύτόμολος</em></strong></span> <span class='ocrx_word' id='word_1_98' title='bbox 480 1520 693 1606; x_wconf 84' lang='grc' dir='ltr'><strong><em>γενησόμενος.</em></strong></span> <span class='ocrx_word' id='word_1_99' title='bbox 748 1526 874 1607; x_wconf 72' lang='grc' dir='ltr'><strong><em>ἐχθροῖν</em></strong></span> <span class='ocrx_word' id='word_1_100' title='bbox 895 1522 955 1609; x_wconf 88' lang='grc' dir='ltr'><strong><em>γόρ</em></strong></span> <span class='ocrx_word' id='word_1_101' title='bbox 977 1524 1097 1591; x_wconf 84' lang='grc' dir='ltr'><strong><em>τούτων</em></strong></span> <span class='ocrx_word' id='word_1_102' title='bbox 1118 1522 1360 1613; x_wconf 76' lang='grc' dir='ltr'><strong><em>οἷνιιφανένταιν,</em></strong></span> 
     </span>
     <span class='ocr_line' id='line_1_14' title="bbox 278 1613 1361 1713; baseline 0.008 -30"><span class='ocrx_word' id='word_1_103' title='bbox 278 1620 390 1697; x_wconf 85' lang='grc' dir='ltr'><strong><em>λοιπός</em></strong></span> <span class='ocrx_word' id='word_1_104' title='bbox 414 1613 477 1705; x_wconf 72' lang='grc' dir='ltr'><strong><em>ἄρα</em></strong></span> <span class='ocrx_word' id='word_1_105' title='bbox 510 1619 527 1684; x_wconf 80' lang='grc' dir='ltr'>ὁ</span> <span class='ocrx_word' id='word_1_106' title='bbox 555 1626 732 1706; x_wconf 80' lang='grc' dir='ltr'><strong><em>Μιγαηλός</em></strong></span> <span class='ocrx_word' id='word_1_107' title='bbox 752 1626 951 1707; x_wconf 76' lang='grc' dir='ltr'><strong><em>κατηλπιζετο</em></strong></span> <span class='ocrx_word' id='word_1_108' title='bbox 979 1622 1080 1713; x_wconf 81' lang='grc' dir='ltr'><strong><em>τούτιρ</em></strong></span> <span class='ocrx_word' id='word_1_109' title='bbox 1101 1628 1155 1690; x_wconf 87' lang='grc' dir='ltr'><strong><em>καί</em></strong></span> <span class='ocrx_word' id='word_1_110' title='bbox 1174 1622 1361 1708; x_wconf 74' lang='grc' dir='ltr'><strong><em>ἓτίρωθενό</em></strong></span> 
     </span>
     <span class='ocr_line' id='line_1_15' title="bbox 280 1719 1362 1807; baseline 0.005 -22"><span class='ocrx_word' id='word_1_111' title='bbox 280 1724 430 1803; x_wconf 79' lang='grc' dir='ltr'><strong><em>Βοδΐνος,</em></strong></span> <span class='ocrx_word' id='word_1_112' title='bbox 458 1720 538 1802; x_wconf 86' lang='grc' dir='ltr'><strong><em>πρός</em></strong></span> <span class='ocrx_word' id='word_1_113' title='bbox 568 1719 624 1793; x_wconf 76' lang='grc' dir='ltr'><strong><em>οὒς</em></strong></span> <span class='ocrx_word' id='word_1_114' title='bbox 646 1724 702 1784; x_wconf 83' lang='grc' dir='ltr'><strong><em>καί</em></strong></span> <span class='ocrx_word' id='word_1_115' title='bbox 730 1732 843 1807; x_wconf 81' lang='grc' dir='ltr'><strong><em>φυγεῖν</em></strong></span> <span class='ocrx_word' id='word_1_116' title='bbox 864 1720 1117 1807; x_wconf 83' lang='grc' dir='ltr'><strong><em>παρεσκεύαστο,</em></strong></span> <span class='ocrx_word' id='word_1_117' title='bbox 1139 1728 1200 1788; x_wconf 77' lang='grc' dir='ltr'><strong><em>ταῖν</em></strong></span> <span class='ocrx_word' id='word_1_118' title='bbox 1220 1725 1281 1789; x_wconf 69' lang='lat' dir='ltr'>dno*</span> <span class='ocrx_word' id='word_1_119' title='bbox 1303 1729 1362 1791; x_wconf 86' lang='grc' dir='ltr'><strong><em>τού</em></strong></span> 
     </span>
     <span class='ocr_line' id='line_1_16' title="bbox 195 1814 1414 1915; baseline 0 -25"><span class='ocrx_word' id='word_1_120' title='bbox 195 1834 228 1889; x_wconf 85' lang='lat' dir='ltr'><strong><em>V.</em></strong></span> <span class='ocrx_word' id='word_1_121' title='bbox 238 1820 468 1902; x_wconf 80' lang='grc' dir='ltr'><strong><em>36Ῥομπίρτοο</em></strong></span> <span class='ocrx_word' id='word_1_122' title='bbox 506 1815 651 1901; x_wconf 84' lang='grc' dir='ltr'><strong><em>δηλονότι</em></strong></span> <span class='ocrx_word' id='word_1_123' title='bbox 684 1824 739 1884; x_wconf 82' lang='grc' dir='ltr'><strong><em>καί</em></strong></span> <span class='ocrx_word' id='word_1_124' title='bbox 772 1814 916 1898; x_wconf 78' lang='grc' dir='ltr'><strong><em>Ἀλεξιόιι</em></strong></span> <span class='ocrx_word' id='word_1_125' title='bbox 956 1819 1225 1887; x_wconf 82' lang='grc' dir='ltr'><strong><em>α’ντιιτνεοσόντων</em></strong></span> <span class='ocrx_word' id='word_1_126' title='bbox 1259 1820 1358 1915; x_wconf 75' lang='grc' dir='ltr'><strong><em>αύτῷ.</em></strong></span> <span class='ocrx_word' id='word_1_127' title='bbox 1374 1832 1414 1897; x_wconf 85' lang='grc' dir='ltr'><strong><em>ι5</em></strong></span> 
     </span>
     <span class='ocr_line' id='line_1_17' title="bbox 279 1910 1361 2007; baseline 0.007 -26"><span class='ocrx_word' id='word_1_128' title='bbox 279 1921 380 1982; x_wconf 80' lang='grc' dir='ltr'><strong><em>ταῦτα</em></strong></span> <span class='ocrx_word' id='word_1_129' title='bbox 401 1920 460 1999; x_wconf 82' lang='grc' dir='ltr'><strong><em>μὲν</em></strong></span> <span class='ocrx_word' id='word_1_130' title='bbox 480 1919 580 1998; x_wconf 76' lang='grc' dir='ltr'><strong><em>ἐχέτω</em></strong></span> <span class='ocrx_word' id='word_1_131' title='bbox 600 1920 710 1982; x_wconf 76' lang='grc' dir='ltr'><strong><em>ταῦτα.</em></strong></span> <span class='ocrx_word' id='word_1_132' title='bbox 740 1917 852 2001; x_wconf 82' lang='grc' dir='ltr'><strong><em>καιρός</em></strong></span> <span class='ocrx_word' id='word_1_133' title='bbox 872 1921 907 1982; x_wconf 79' lang='grc' dir='ltr'><strong><em>δὲ</em></strong></span> <span class='ocrx_word' id='word_1_134' title='bbox 928 1910 988 2003; x_wconf 76' lang='grc' dir='ltr'><strong><em>ἤδη</em></strong></span> <span class='ocrx_word' id='word_1_135' title='bbox 1008 1924 1184 2001; x_wconf 83' lang='grc' dir='ltr'><strong><em>τραπέσθαι</em></strong></span> <span class='ocrx_word' id='word_1_136' title='bbox 1207 1924 1286 2007; x_wconf 87' lang='grc' dir='ltr'><strong><em>πρὸς</em></strong></span> <span class='ocrx_word' id='word_1_137' title='bbox 1302 1923 1361 2007; x_wconf 72' lang='grc' dir='ltr'><strong><em>τόν</em></strong></span> 
     </span>
     <span class='ocr_line' id='line_1_18' title="bbox 250 2012 1360 2107; baseline 0.006 -26"><span class='ocrx_word' id='word_1_138' title='bbox 250 2019 445 2099; x_wconf 68' lang='grc' dir='ltr'><strong><em>(ἔβαοιλείαν</em></strong></span> <span class='ocrx_word' id='word_1_139' title='bbox 477 2020 537 2079; x_wconf 81' lang='grc' dir='ltr'><strong><em>τοῦ</em></strong></span> <span class='ocrx_word' id='word_1_140' title='bbox 568 2018 648 2097; x_wconf 80' lang='grc' dir='ltr'><strong><em>ἐμοῦ</em></strong></span> <span class='ocrx_word' id='word_1_141' title='bbox 668 2016 784 2099; x_wconf 86' lang='grc' dir='ltr'><strong><em>πατρὸς</em></strong></span> <span class='ocrx_word' id='word_1_142' title='bbox 805 2019 860 2081; x_wconf 81' lang='grc' dir='ltr'><strong><em>καί</em></strong></span> <span class='ocrx_word' id='word_1_143' title='bbox 878 2012 961 2093; x_wconf 78' lang='grc' dir='ltr'><strong><em>ὅπως</em></strong></span> <span class='ocrx_word' id='word_1_144' title='bbox 981 2022 1035 2081; x_wconf 81' lang='grc' dir='ltr'><strong><em>καί</em></strong></span> <span class='ocrx_word' id='word_1_145' title='bbox 1054 2024 1086 2099; x_wconf 84' lang='grc' dir='ltr'><strong><em>ε”ξ</em></strong></span> <span class='ocrx_word' id='word_1_146' title='bbox 1109 2020 1182 2105; x_wconf 84' lang='grc' dir='ltr'><strong><em>οἵων</em></strong></span> <span class='ocrx_word' id='word_1_147' title='bbox 1204 2024 1360 2107; x_wconf 79' lang='grc' dir='ltr'><strong><em>α’φορμαῖν</em></strong></span> 
     </span>
     <span class='ocr_line' id='line_1_19' title="bbox 278 2113 1356 2205; baseline 0.006 -26"><span class='ocrx_word' id='word_1_148' title='bbox 278 2120 325 2191; x_wconf 87' lang='grc' dir='ltr'><strong><em>είς</em></strong></span> <span class='ocrx_word' id='word_1_149' title='bbox 350 2116 386 2179; x_wconf 88' lang='grc' dir='ltr'>τό</span> <span class='ocrx_word' id='word_1_150' title='bbox 416 2115 596 2196; x_wconf 77' lang='grc' dir='ltr'><strong><em>βασιλεύειν</em></strong></span> <span class='ocrx_word' id='word_1_151' title='bbox 623 2113 772 2199; x_wconf 76' lang='grc' dir='ltr'><strong><em>ἐληλοθε,</em></strong></span> <span class='ocrx_word' id='word_1_152' title='bbox 804 2114 1025 2201; x_wconf 72' lang='grc' dir='ltr'><strong><em>διηγήσασθαι.</em></strong></span> <span class='ocrx_word' id='word_1_153' title='bbox 1074 2118 1116 2180; x_wconf 82' lang='grc' dir='ltr'><strong><em>ου’</em></strong></span> <span class='ocrx_word' id='word_1_154' title='bbox 1140 2117 1200 2202; x_wconf 82' lang='grc' dir='ltr'><strong><em>γοὶρ</em></strong></span> <span class='ocrx_word' id='word_1_155' title='bbox 1234 2120 1272 2185; x_wconf 84' lang='grc' dir='ltr'><strong><em>τό</em></strong></span> <span class='ocrx_word' id='word_1_156' title='bbox 1295 2120 1356 2205; x_wconf 82' lang='grc' dir='ltr'><strong><em>πρό</em></strong></span> 
     </span>
     <span class='ocr_line' id='line_1_20' title="bbox 277 2213 1360 2299; baseline 0.006 -20"><span class='ocrx_word' id='word_1_157' title='bbox 277 2219 332 2299; x_wconf 74' lang='grc' dir='ltr'><strong><em>τῆς</em></strong></span> <span class='ocrx_word' id='word_1_158' title='bbox 350 2218 511 2296; x_wconf 78' lang='grc' dir='ltr'><strong><em>βασιλείας</em></strong></span> <span class='ocrx_word' id='word_1_159' title='bbox 532 2214 616 2299; x_wconf 75' lang='grc' dir='ltr'><strong><em>αύτῷ</em></strong></span> <span class='ocrx_word' id='word_1_160' title='bbox 632 2215 815 2299; x_wconf 80' lang='grc' dir='ltr'><strong><em>ἐσκεψάμην</em></strong></span> <span class='ocrx_word' id='word_1_161' title='bbox 825 2217 920 2295; x_wconf 81' lang='grc' dir='ltr'><strong><em>ἐρεῖν,</em></strong></span> <span class='ocrx_word' id='word_1_162' title='bbox 938 2213 1017 2281; x_wconf 79' lang='grc' dir='ltr'><strong><em>ἀλλὰ</em></strong></span> <span class='ocrx_word' id='word_1_163' title='bbox 1033 2217 1088 2279; x_wconf 86' lang='grc' dir='ltr'><strong><em>καί</em></strong></span> <span class='ocrx_word' id='word_1_164' title='bbox 1106 2214 1165 2281; x_wconf 79' lang='grc' dir='ltr'><strong><em>ὅσα</em></strong></span> <span class='ocrx_word' id='word_1_165' title='bbox 1184 2220 1360 2298; x_wconf 83' lang='grc' dir='ltr'><strong><em>βασιλεύων</em></strong></span> 
     </span>
    </p>
   </div>
   <div class='ocr_carea' id='block_1_3' title="bbox 278 2308 1411 2403">
    <p class='ocr_par' dir='ltr' id='par_1_3' title="bbox 278 2308 1411 2403">
     <span class='ocr_line' id='line_1_21' title="bbox 278 2308 1411 2403; baseline 0.004 -26"><span class='ocrx_word' id='word_1_166' title='bbox 278 2313 484 2396; x_wconf 84' lang='grc' dir='ltr'><strong><em>κατιόρθωκεν</em></strong></span> <span class='ocrx_word' id='word_1_167' title='bbox 504 2308 526 2397; x_wconf 75' lang='grc' dir='ltr'><em>ἢ</em></span> <span class='ocrx_word' id='word_1_168' title='bbox 547 2316 739 2396; x_wconf 81' lang='grc' dir='ltr'><strong><em>ἐξημαρτεν,</em></strong></span> <span class='ocrx_word' id='word_1_169' title='bbox 776 2312 838 2377; x_wconf 82' lang='grc' dir='ltr'><strong><em>εἴτε</em></strong></span> <span class='ocrx_word' id='word_1_170' title='bbox 854 2316 931 2387; x_wconf 82' lang='grc' dir='ltr'><strong><em>τέως</em></strong></span> <span class='ocrx_word' id='word_1_171' title='bbox 950 2319 1112 2397; x_wconf 78' lang='grc' dir='ltr'><strong><em>σφαλέντα</em></strong></span> <span class='ocrx_word' id='word_1_172' title='bbox 1133 2321 1245 2381; x_wconf 78' lang='grc' dir='ltr'><strong><em>τοῦτον</em></strong></span> <span class='ocrx_word' id='word_1_173' title='bbox 1265 2316 1411 2403; x_wconf 48' lang='lat' dir='ltr'>stipsi„</span> 
     </span>
    </p>
   </div>
   <div class='ocr_carea' id='block_1_4' title="bbox 278 2403 1437 2697">
    <p class='ocr_par' dir='ltr' id='par_1_4' title="bbox 278 2403 1437 2697">
     <span class='ocr_line' id='line_1_22' title="bbox 278 2403 1360 2504; baseline 0.006 -28"><span class='ocrx_word' id='word_1_174' title='bbox 278 2436 373 2491; x_wconf 88' lang='grc' dir='ltr'><strong><em>σομεν</em></strong></span> <span class='ocrx_word' id='word_1_175' title='bbox 397 2416 431 2477; x_wconf 83' lang='grc' dir='ltr'><strong><em>ἐν</em></strong></span> <span class='ocrx_word' id='word_1_176' title='bbox 451 2407 552 2476; x_wconf 75' lang='grc' dir='ltr'><strong><em>ἅπασι</em></strong></span> <span class='ocrx_word' id='word_1_177' title='bbox 573 2414 612 2473; x_wconf 76' lang='grc' dir='ltr'><strong><em>δι’</em></strong></span> <span class='ocrx_word' id='word_1_178' title='bbox 636 2403 681 2475; x_wconf 84' lang='grc' dir='ltr'><strong><em>ὧν</em></strong></span> <span class='ocrx_word' id='word_1_179' title='bbox 694 2408 905 2491; x_wconf 82' lang='grc' dir='ltr'><strong><em>βαδιούμεθα.</em></strong></span> <span class='ocrx_word' id='word_1_180' title='bbox 947 2413 984 2475; x_wconf 88' lang='grc' dir='ltr'><strong><em>ού</em></strong></span> <span class='ocrx_word' id='word_1_181' title='bbox 1006 2411 1066 2493; x_wconf 84' lang='grc' dir='ltr'><strong><em>γόρ</em></strong></span> <span class='ocrx_word' id='word_1_182' title='bbox 1088 2414 1132 2489; x_wconf 74' lang='grc' dir='ltr'><strong><em>σός</em></strong></span> <span class='ocrx_word' id='word_1_183' title='bbox 1153 2416 1266 2500; x_wconf 85' lang='grc' dir='ltr'><strong><em>πατρὸς</em></strong></span> <span class='ocrx_word' id='word_1_184' title='bbox 1288 2442 1360 2504; x_wconf 81' lang='grc' dir='ltr'><strong><em>φει-</em></strong></span> 
     </span>
     <span class='ocr_line' id='line_1_23' title="bbox 278 2508 1360 2599; baseline 0.006 -26"><span class='ocrx_word' id='word_1_185' title='bbox 278 2513 418 2593; x_wconf 85' lang='grc' dir='ltr'><strong><em>σαίμην,</em></strong></span> <span class='ocrx_word' id='word_1_186' title='bbox 446 2508 480 2574; x_wconf 84' lang='grc' dir='ltr'><strong><em>εἴ</em></strong></span> <span class='ocrx_word' id='word_1_187' title='bbox 500 2514 537 2593; x_wconf 77' lang='grc' dir='ltr'><strong><em>γέ</em></strong></span> <span class='ocrx_word' id='word_1_188' title='bbox 555 2534 611 2592; x_wconf 86' lang='grc' dir='ltr'><strong><em>μοι</em></strong></span> <span class='ocrx_word' id='word_1_189' title='bbox 631 2534 810 2592; x_wconf 82' lang='grc' dir='ltr'><strong><em>παρασταιη</em></strong></span> <span class='ocrx_word' id='word_1_190' title='bbox 830 2533 860 2572; x_wconf 87' lang='grc' dir='ltr'><strong><em>τι</em></strong></span> <span class='ocrx_word' id='word_1_191' title='bbox 888 2514 952 2573; x_wconf 76' lang='lat' dir='ltr'>sois</span> <span class='ocrx_word' id='word_1_192' title='bbox 979 2512 1085 2599; x_wconf 81' lang='grc' dir='ltr'><strong><em>ἐκείνην</em></strong></span> <span class='ocrx_word' id='word_1_193' title='bbox 1108 2512 1153 2597; x_wconf 77' lang='grc' dir='ltr'><strong><em>μη</em></strong></span> <span class='ocrx_word' id='word_1_194' title='bbox 1178 2520 1282 2590; x_wconf 76' lang='grc' dir='ltr'><strong><em>καλαῖς</em></strong></span> <span class='ocrx_word' id='word_1_195' title='bbox 1303 2540 1360 2580; x_wconf 82' lang='grc' dir='ltr'><strong><em>πε-</em></strong></span> 
     </span>
     <span class='ocr_line' id='line_1_24' title="bbox 278 2605 1437 2697; baseline 0.011 -26"><span class='ocrx_word' id='word_1_196' title='bbox 278 2612 484 2693; x_wconf 83' lang='grc' dir='ltr'><strong><em>πραγμένων·</em></strong></span> <span class='ocrx_word' id='word_1_197' title='bbox 536 2612 611 2673; x_wconf 75' lang='grc' dir='ltr'><strong><em>οὐδὲ</em></strong></span> <span class='ocrx_word' id='word_1_198' title='bbox 642 2606 695 2673; x_wconf 68' lang='lat' dir='ltr'>osni</span> <span class='ocrx_word' id='word_1_199' title='bbox 716 2605 774 2691; x_wconf 72' lang='grc' dir='ltr'><strong><em>τὴν</em></strong></span> <span class='ocrx_word' id='word_1_200' title='bbox 793 2605 1205 2697; x_wconf 75' lang='grc' dir='ltr'><strong><em>ύποτρίχοοσανύποψιλιν,</em></strong></span> <span class='ocrx_word' id='word_1_201' title='bbox 1228 2611 1277 2679; x_wconf 84' lang='grc' dir='ltr'><strong><em>ὅτι</em></strong></span> <span class='ocrx_word' id='word_1_202' title='bbox 1297 2641 1359 2681; x_wconf 88' lang='grc' dir='ltr'><strong><em>πα·</em></strong></span> <span class='ocrx_word' id='word_1_203' title='bbox 1433 2614 1437 2621; x_wconf 57' lang='grc'><em>’</em></span> 
     </span>
    </p>
   </div>
   <div class='ocr_carea' id='block_1_5' title="bbox 347 2780 1358 3007">
    <p class='ocr_par' dir='ltr' id='par_1_5' title="bbox 347 2780 1358 3007">
     <span class='ocr_line' id='line_1_25' title="bbox 347 2780 1357 2853; baseline 0.003 -13"><span class='ocrx_word' id='word_1_204' title='bbox 347 2790 372 2840; x_wconf 83' lang='grc'><strong><em>5.</em></strong></span> <span class='ocrx_word' id='word_1_205' title='bbox 389 2783 518 2850; x_wconf 78' lang='grc' dir='ltr'><strong><em>τοιαύτην</em></strong></span> <span class='ocrx_word' id='word_1_206' title='bbox 534 2783 595 2835; x_wconf 82' lang='grc' dir='ltr'><strong><em>ιόό.</em></strong></span> <span class='ocrx_word' id='word_1_207' title='bbox 613 2784 642 2833; x_wconf 82' lang='lat' dir='ltr'><strong><em>F.</em></strong></span> <span class='ocrx_word' id='word_1_208' title='bbox 760 2801 799 2837; x_wconf 82' lang='lat' dir='ltr'>ro.</span> <span class='ocrx_word' id='word_1_209' title='bbox 818 2780 994 2853; x_wconf 77' lang='grc' dir='ltr'><strong><em>εύστογήσειε</em></strong></span> <span class='ocrx_word' id='word_1_210' title='bbox 1010 2786 1065 2839; x_wconf 87' lang='lat' dir='ltr'><strong><em>CG.</em></strong></span> <span class='ocrx_word' id='word_1_211' title='bbox 1172 2792 1210 2844; x_wconf 74' lang='lat'><strong><em>13.</em></strong></span> <span class='ocrx_word' id='word_1_212' title='bbox 1225 2788 1305 2845; x_wconf 82' lang='grc' dir='ltr'><strong><em>τοῦτο</em></strong></span> <span class='ocrx_word' id='word_1_213' title='bbox 1324 2793 1357 2844; x_wconf 92' lang='lat' dir='ltr'><strong><em>G.</em></strong></span> 
     </span>
     <span class='ocr_line' id='line_1_26' title="bbox 351 2853 1358 2933; baseline 0.008 -26"><span class='ocrx_word' id='word_1_214' title='bbox 351 2858 389 2907; x_wconf 89' lang='grc' dir='ltr'><strong><em>ι6.</em></strong></span> <span class='ocrx_word' id='word_1_215' title='bbox 411 2857 470 2925; x_wconf 85' lang='lat' dir='ltr'>lege</span> <span class='ocrx_word' id='word_1_216' title='bbox 491 2859 573 2923; x_wconf 70' lang='grc' dir='ltr'><strong><em>ἐχέτω</em></strong></span> <span class='ocrx_word' id='word_1_217' title='bbox 594 2853 685 2930; x_wconf 65' lang='grc' dir='ltr'><strong><em>ταύτῃ.</em></strong></span> <span class='ocrx_word' id='word_1_218' title='bbox 796 2858 833 2908; x_wconf 78' lang='grc' dir='ltr'><strong><em>ιθ.</em></strong></span> <span class='ocrx_word' id='word_1_219' title='bbox 852 2856 980 2923; x_wconf 69' lang='grc' dir='ltr'><strong><em>ἐλήλυθεν</em></strong></span> <span class='ocrx_word' id='word_1_220' title='bbox 1006 2858 1032 2909; x_wconf 84' lang='grc' dir='ltr'><strong><em>Ρ.</em></strong></span> <span class='ocrx_word' id='word_1_221' title='bbox 1135 2874 1172 2929; x_wconf 81' lang='lat'><strong><em>19.</em></strong></span> <span class='ocrx_word' id='word_1_222' title='bbox 1192 2860 1285 2933; x_wconf 80' lang='grc' dir='ltr'><strong><em>εύρεῖν</em></strong></span> <span class='ocrx_word' id='word_1_223' title='bbox 1303 2863 1358 2915; x_wconf 90' lang='lat' dir='ltr'><strong><em>CG.</em></strong></span> 
     </span>
     <span class='ocr_line' id='line_1_27' title="bbox 347 2924 872 3007; baseline -0.004 -28"><span class='ocrx_word' id='word_1_224' title='bbox 347 2944 390 2979; x_wconf 78' lang='grc' dir='ltr'><strong><em>αα.</em></strong></span> <span class='ocrx_word' id='word_1_225' title='bbox 402 2932 548 3007; x_wconf 77' lang='grc' dir='ltr'><strong><em>περισταίη</em></strong></span> <span class='ocrx_word' id='word_1_226' title='bbox 567 2925 623 2981; x_wconf 86' lang='lat' dir='ltr'><strong><em>CG.</em></strong></span> <span class='ocrx_word' id='word_1_227' title='bbox 692 2924 798 2980; x_wconf 74' lang='lat' dir='ltr'>lustros</span> <span class='ocrx_word' id='word_1_228' title='bbox 816 2925 872 2978; x_wconf 88' lang='lat' dir='ltr'><strong><em>CG.</em></strong></span> 
     </span>
    </p>
   </div>
   <div class='ocr_carea' id='block_1_6' title="bbox 277 3120 1362 4253">
    <p class='ocr_par' dir='ltr' id='par_1_6' title="bbox 277 3120 1362 4253">
     <span class='ocr_line' id='line_1_28' title="bbox 279 3120 1358 3195; baseline -0.001 -17"><span class='ocrx_word' id='word_1_229' title='bbox 279 3140 384 3195; x_wconf 85' lang='lat' dir='ltr'>semper</span> <span class='ocrx_word' id='word_1_230' title='bbox 408 3124 555 3191; x_wconf 76' lang='lat' dir='ltr'>cogitaret,</span> <span class='ocrx_word' id='word_1_231' title='bbox 579 3129 636 3173; x_wconf 91' lang='lat' dir='ltr'><strong><em>tum</em></strong></span> <span class='ocrx_word' id='word_1_232' title='bbox 664 3120 747 3188; x_wconf 84' lang='lat' dir='ltr'>magis</span> <span class='ocrx_word' id='word_1_233' title='bbox 770 3120 852 3173; x_wconf 86' lang='lat' dir='ltr'>etism</span> <span class='ocrx_word' id='word_1_234' title='bbox 876 3120 1017 3184; x_wconf 79' lang='lat' dir='ltr'>incensus,</span> <span class='ocrx_word' id='word_1_235' title='bbox 1043 3122 1167 3173; x_wconf 82' lang='lat' dir='ltr'>manibus</span> <span class='ocrx_word' id='word_1_236' title='bbox 1187 3122 1358 3193; x_wconf 82' lang='lat' dir='ltr'>pedibusque</span> 
     </span>
     <span class='ocr_line' id='line_1_29' title="bbox 279 3180 1359 3265; baseline 0 -18"><span class='ocrx_word' id='word_1_237' title='bbox 279 3196 481 3265; x_wconf 75' lang='lat' dir='ltr'>expeditionem</span> <span class='ocrx_word' id='word_1_238' title='bbox 498 3190 626 3260; x_wconf 82' lang='lat' dir='ltr'>urgebat,</span> <span class='ocrx_word' id='word_1_239' title='bbox 645 3199 674 3241; x_wconf 89' lang='lat' dir='ltr'><strong><em>et</em></strong></span> <span class='ocrx_word' id='word_1_240' title='bbox 686 3192 784 3242; x_wconf 88' lang='lat' dir='ltr'>milites</span> <span class='ocrx_word' id='word_1_241' title='bbox 803 3180 925 3241; x_wconf 73' lang='lat' dir='ltr'>oratione</span> <span class='ocrx_word' id='word_1_242' title='bbox 944 3192 1120 3245; x_wconf 79' lang='lat' dir='ltr'>confirmabat</span> <span class='ocrx_word' id='word_1_243' title='bbox 1137 3195 1359 3265; x_wconf 76' lang='lat' dir='ltr'>impellebntque.</span> 
     </span>
     <span class='ocr_line' id='line_1_30' title="bbox 279 3260 1359 3334; baseline -0.001 -16"><span class='ocrx_word' id='word_1_244' title='bbox 279 3266 499 3318; x_wconf 80' lang='lat' dir='ltr'>Monomaclrotns</span> <span class='ocrx_word' id='word_1_245' title='bbox 520 3272 626 3323; x_wconf 85' lang='lat' dir='ltr'>autem,</span> <span class='ocrx_word' id='word_1_246' title='bbox 651 3260 732 3311; x_wconf 86' lang='lat' dir='ltr'>rebus</span> <span class='ocrx_word' id='word_1_247' title='bbox 753 3261 790 3311; x_wconf 79' lang='lat' dir='ltr'>ita</span> <span class='ocrx_word' id='word_1_248' title='bbox 807 3261 923 3329; x_wconf 75' lang='lat' dir='ltr'>peratis,</span> <span class='ocrx_word' id='word_1_249' title='bbox 944 3263 1024 3313; x_wconf 83' lang='lat' dir='ltr'>etiam</span> <span class='ocrx_word' id='word_1_250' title='bbox 1044 3262 1119 3314; x_wconf 79' lang='lat' dir='ltr'>elisrtl</span> <span class='ocrx_word' id='word_1_251' title='bbox 1136 3265 1189 3315; x_wconf 90' lang='lat' dir='ltr'>sibi</span> <span class='ocrx_word' id='word_1_252' title='bbox 1207 3266 1359 3334; x_wconf 77' lang='lat' dir='ltr'>perfugium</span> 
     </span>
     <span class='ocr_line' id='line_1_31' title="bbox 278 3330 1361 3406; baseline -0.001 -17"><span class='ocrx_word' id='word_1_253' title='bbox 278 3338 318 3389; x_wconf 84' lang='lat' dir='ltr'><strong><em>ito</em></strong></span> <span class='ocrx_word' id='word_1_254' title='bbox 336 3337 480 3406; x_wconf 72' lang='lat' dir='ltr'>prospexit</span> <span class='ocrx_word' id='word_1_255' title='bbox 497 3351 558 3384; x_wconf 84' lang='lat' dir='ltr'>narn</span> <span class='ocrx_word' id='word_1_256' title='bbox 576 3330 710 3383; x_wconf 88' lang='lat' dir='ltr'>Bodinum</span> <span class='ocrx_word' id='word_1_257' title='bbox 728 3339 756 3382; x_wconf 87' lang='lat' dir='ltr'><strong><em>et</em></strong></span> <span class='ocrx_word' id='word_1_258' title='bbox 775 3330 953 3395; x_wconf 69' lang='lat' dir='ltr'>Miserum,</span> <span class='ocrx_word' id='word_1_259' title='bbox 980 3332 1129 3385; x_wconf 74' lang='lat' dir='ltr'>Dalmatiae</span> <span class='ocrx_word' id='word_1_260' title='bbox 1148 3336 1290 3399; x_wconf 73' lang='lat' dir='ltr'>exarchos,</span> <span class='ocrx_word' id='word_1_261' title='bbox 1311 3338 1361 3388; x_wconf 83' lang='lat' dir='ltr'>tis-</span> 
     </span>
     <span class='ocr_line' id='line_1_32' title="bbox 277 3401 1360 3473; baseline 0 -14"><span class='ocrx_word' id='word_1_262' title='bbox 277 3409 344 3461; x_wconf 82' lang='lat' dir='ltr'>teris</span> <span class='ocrx_word' id='word_1_263' title='bbox 376 3404 585 3473; x_wconf 81' lang='lat' dir='ltr'>muneribusque</span> <span class='ocrx_word' id='word_1_264' title='bbox 611 3403 711 3463; x_wconf 85' lang='lat' dir='ltr'>missis,</span> <span class='ocrx_word' id='word_1_265' title='bbox 738 3401 791 3452; x_wconf 86' lang='lat' dir='ltr'>sibi</span> <span class='ocrx_word' id='word_1_266' title='bbox 817 3402 983 3463; x_wconf 82' lang='lat' dir='ltr'>conciliavit,</span> <span class='ocrx_word' id='word_1_267' title='bbox 1003 3420 1057 3472; x_wconf 88' lang='lat' dir='ltr'>quo</span> <span class='ocrx_word' id='word_1_268' title='bbox 1077 3402 1167 3473; x_wconf 87' lang='lat' dir='ltr'>plure&#39;s</span> <span class='ocrx_word' id='word_1_269' title='bbox 1185 3406 1237 3457; x_wconf 87' lang='lat' dir='ltr'>slbi</span> <span class='ocrx_word' id='word_1_270' title='bbox 1264 3406 1360 3459; x_wconf 83' lang='lat' dir='ltr'>solutis</span> 
     </span>
     <span class='ocr_line' id='line_1_33' title="bbox 278 3472 1360 3547; baseline -0.002 -18"><span class='ocrx_word' id='word_1_271' title='bbox 278 3480 356 3547; x_wconf 80' lang='lat' dir='ltr'>quasi</span> <span class='ocrx_word' id='word_1_272' title='bbox 373 3479 469 3529; x_wconf 71' lang='lat' dir='ltr'>ianuae</span> <span class='ocrx_word' id='word_1_273' title='bbox 489 3480 621 3544; x_wconf 79' lang='lat' dir='ltr'>poterent.</span> <span class='ocrx_word' id='word_1_274' title='bbox 639 3472 744 3523; x_wconf 81' lang='lat' dir='ltr'>sienim</span> <span class='ocrx_word' id='word_1_275' title='bbox 764 3488 812 3541; x_wconf 86' lang='lat' dir='ltr'><strong><em>spe</em></strong></span> <span class='ocrx_word' id='word_1_276' title='bbox 833 3480 861 3524; x_wconf 85' lang='lat' dir='ltr'><strong><em>et</em></strong></span> <span class='ocrx_word' id='word_1_277' title='bbox 889 3472 917 3523; x_wconf 87' lang='lat' dir='ltr'><strong><em>in</em></strong></span> <span class='ocrx_word' id='word_1_278' title='bbox 936 3472 1051 3523; x_wconf 76' lang='lat' dir='ltr'>llolterto</span> <span class='ocrx_word' id='word_1_279' title='bbox 1071 3484 1098 3525; x_wconf 90' lang='lat' dir='ltr'><strong><em>et</em></strong></span> <span class='ocrx_word' id='word_1_280' title='bbox 1112 3476 1141 3527; x_wconf 88' lang='lat' dir='ltr'><strong><em>in</em></strong></span> <span class='ocrx_word' id='word_1_281' title='bbox 1160 3476 1256 3527; x_wconf 77' lang='lat' dir='ltr'>Alexio</span> <span class='ocrx_word' id='word_1_282' title='bbox 1291 3478 1360 3529; x_wconf 80' lang='lat' dir='ltr'>ositn</span> 
     </span>
     <span class='ocr_line' id='line_1_34' title="bbox 278 3495 1360 3613; baseline 0 -14"><span class='ocrx_word' id='word_1_283' title='bbox 278 3550 416 3599; x_wconf 81' lang='lat' dir='ltr'>excideret</span> <span class='ocrx_word' id='word_1_284' title='bbox 432 3555 460 3599; x_wconf 82' lang='lat' dir='ltr'><strong><em>et</em></strong></span> <span class='ocrx_word' id='word_1_285' title='bbox 476 3546 510 3597; x_wconf 81' lang='lat' dir='ltr'>ob</span> <span class='ocrx_word' id='word_1_286' title='bbox 527 3553 643 3613; x_wconf 84' lang='lat' dir='ltr'>utroque</span> <span class='ocrx_word' id='word_1_287' title='bbox 660 3544 830 3604; x_wconf 86' lang='lat' dir='ltr'>reiiceretur,</span> <span class='ocrx_word' id='word_1_288' title='bbox 849 3543 879 3594; x_wconf 93' lang='lat' dir='ltr'><strong><em>in</em></strong></span> <span class='ocrx_word' id='word_1_289' title='bbox 889 3534 1048 3595; x_wconf 78' lang='lat' dir='ltr'>Delmatiam</span> <span class='ocrx_word' id='word_1_290' title='bbox 1066 3548 1155 3597; x_wconf 80' lang='lat' dir='ltr'>statim</span> <span class='ocrx_word' id='word_1_291' title='bbox 1174 3546 1209 3597; x_wconf 79' lang='lat' dir='ltr'><strong><em>ad</em></strong></span> <span class='ocrx_word' id='word_1_292' title='bbox 1227 3495 1360 3599; x_wconf 75' lang='lat' dir='ltr'>Botlluom</span> 
     </span>
     <span class='ocr_line' id='line_1_35' title="bbox 280 3612 1360 3681; baseline 0 -12"><span class='ocrx_word' id='word_1_293' title='bbox 280 3630 309 3669; x_wconf 88' lang='lat' dir='ltr'><strong><em>et</em></strong></span> <span class='ocrx_word' id='word_1_294' title='bbox 325 3618 486 3670; x_wconf 78' lang='lat' dir='ltr'>Illichaelom</span> <span class='ocrx_word' id='word_1_295' title='bbox 504 3613 670 3681; x_wconf 79' lang='lat' dir='ltr'>transfugere</span> <span class='ocrx_word' id='word_1_296' title='bbox 688 3613 798 3681; x_wconf 78' lang='lat' dir='ltr'>placuit.</span> <span class='ocrx_word' id='word_1_297' title='bbox 816 3630 877 3665; x_wconf 80' lang='lat' dir='ltr'>nam</span> <span class='ocrx_word' id='word_1_298' title='bbox 895 3612 1005 3664; x_wconf 87' lang='lat' dir='ltr'>illorum</span> <span class='ocrx_word' id='word_1_299' title='bbox 1026 3614 1074 3665; x_wconf 88' lang='lat' dir='ltr'><strong><em>ubi</em></strong></span> <span class='ocrx_word' id='word_1_300' title='bbox 1095 3618 1212 3667; x_wconf 77' lang='lat' dir='ltr'>animum</span> <span class='ocrx_word' id='word_1_301' title='bbox 1230 3617 1360 3669; x_wconf 80' lang='lat' dir='ltr'>hostilem</span> 
     </span>
     <span class='ocr_line' id='line_1_36' title="bbox 280 3680 1360 3756; baseline -0.005 -16"><span class='ocrx_word' id='word_1_302' title='bbox 280 3690 466 3756; x_wconf 78' lang='lat' dir='ltr'>cognovisset,</span> <span class='ocrx_word' id='word_1_303' title='bbox 483 3685 615 3753; x_wconf 77' lang='lat' dir='ltr'>reliquom</span> <span class='ocrx_word' id='word_1_304' title='bbox 633 3700 709 3753; x_wconf 85' lang='lat' dir='ltr'>spem</span> <span class='ocrx_word' id='word_1_305' title='bbox 727 3701 786 3733; x_wconf 88' lang='lat' dir='ltr'>cum</span> <span class='ocrx_word' id='word_1_306' title='bbox 804 3684 833 3733; x_wconf 89' lang='lat' dir='ltr'><strong><em>in</em></strong></span> <span class='ocrx_word' id='word_1_307' title='bbox 850 3680 983 3735; x_wconf 77' lang='lat' dir='ltr'>Michaela</span> <span class='ocrx_word' id='word_1_308' title='bbox 1002 3693 1058 3737; x_wconf 88' lang='lat' dir='ltr'><strong><em>tum</em></strong></span> <span class='ocrx_word' id='word_1_309' title='bbox 1076 3686 1104 3737; x_wconf 90' lang='lat' dir='ltr'><strong><em>in</em></strong></span> <span class='ocrx_word' id='word_1_310' title='bbox 1122 3686 1225 3739; x_wconf 82' lang='lat' dir='ltr'>Bodino</span> <span class='ocrx_word' id='word_1_311' title='bbox 1240 3690 1360 3741; x_wconf 82' lang='lat' dir='ltr'>colloco.</span> 
     </span>
     <span class='ocr_line' id='line_1_37' title="bbox 278 3754 1359 3829; baseline 0.002 -20"><span class='ocrx_word' id='word_1_312' title='bbox 278 3758 341 3823; x_wconf 69' lang='lat' dir='ltr'>bot,</span> <span class='ocrx_word' id='word_1_313' title='bbox 361 3758 397 3809; x_wconf 78' lang='lat' dir='ltr'><strong><em>ad</em></strong></span> <span class='ocrx_word' id='word_1_314' title='bbox 421 3775 490 3829; x_wconf 92' lang='lat' dir='ltr'>quos</span> <span class='ocrx_word' id='word_1_315' title='bbox 514 3756 595 3807; x_wconf 82' lang='lat' dir='ltr'>etiam</span> <span class='ocrx_word' id='word_1_316' title='bbox 622 3754 754 3822; x_wconf 83' lang='lat' dir='ltr'>fugituros</span> <span class='ocrx_word' id='word_1_317' title='bbox 782 3762 853 3817; x_wconf 79' lang='lat' dir='ltr'>erut,</span> <span class='ocrx_word' id='word_1_318' title='bbox 877 3754 993 3807; x_wconf 84' lang='lat' dir='ltr'>lioberto</span> <span class='ocrx_word' id='word_1_319' title='bbox 1016 3765 1044 3807; x_wconf 91' lang='lat' dir='ltr'><strong><em>et</em></strong></span> <span class='ocrx_word' id='word_1_320' title='bbox 1068 3754 1162 3809; x_wconf 79' lang='lat' dir='ltr'>Alexio</span> <span class='ocrx_word' id='word_1_321' title='bbox 1192 3758 1359 3811; x_wconf 75' lang='lat' dir='ltr'>oslvcrsunti·</span> 
     </span>
     <span class='ocr_line' id='line_1_38' title="bbox 277 3824 1359 3899; baseline 0.002 -20"><span class='ocrx_word' id='word_1_322' title='bbox 277 3828 337 3881; x_wconf 77' lang='lat' dir='ltr'>bns.</span> <span class='ocrx_word' id='word_1_323' title='bbox 372 3828 419 3879; x_wconf 87' lang='lat' dir='ltr'><strong><em>sed</em></strong></span> <span class='ocrx_word' id='word_1_324' title='bbox 448 3826 516 3879; x_wconf 78' lang='lat' dir='ltr'>haec</span> <span class='ocrx_word' id='word_1_325' title='bbox 536 3826 675 3876; x_wconf 81' lang='lat' dir='ltr'>hactenus.</span> <span class='ocrx_word' id='word_1_326' title='bbox 706 3824 760 3875; x_wconf 80' lang='lat' dir='ltr'>iam</span> <span class='ocrx_word' id='word_1_327' title='bbox 787 3825 859 3875; x_wconf 88' lang='lat' dir='ltr'>enim</span> <span class='ocrx_word' id='word_1_328' title='bbox 889 3832 994 3893; x_wconf 87' lang='lat' dir='ltr'>tempus</span> <span class='ocrx_word' id='word_1_329' title='bbox 1019 3836 1127 3893; x_wconf 87' lang='lat' dir='ltr'>monet,</span> <span class='ocrx_word' id='word_1_330' title='bbox 1156 3836 1187 3879; x_wconf 89' lang='lat' dir='ltr'><strong><em>ot</em></strong></span> <span class='ocrx_word' id='word_1_331' title='bbox 1213 3828 1247 3879; x_wconf 79' lang='lat' dir='ltr'><strong><em>nd</em></strong></span> <span class='ocrx_word' id='word_1_332' title='bbox 1273 3831 1359 3899; x_wconf 78' lang='lat' dir='ltr'>petris</span> 
     </span>
     <span class='ocr_line' id='line_1_39' title="bbox 277 3893 1360 3971; baseline -0.001 -19"><span class='ocrx_word' id='word_1_333' title='bbox 277 3900 333 3952; x_wconf 82' lang='lat' dir='ltr'>snei</span> <span class='ocrx_word' id='word_1_334' title='bbox 352 3899 493 3967; x_wconf 85' lang='lat' dir='ltr'>imperinm</span> <span class='ocrx_word' id='word_1_335' title='bbox 519 3906 683 3949; x_wconf 78' lang='lat' dir='ltr'>transeamus</span> <span class='ocrx_word' id='word_1_336' title='bbox 710 3904 738 3945; x_wconf 86' lang='lat' dir='ltr'><strong><em>et</em></strong></span> <span class='ocrx_word' id='word_1_337' title='bbox 754 3893 891 3963; x_wconf 86' lang='lat' dir='ltr'>quomodo</span> <span class='ocrx_word' id='word_1_338' title='bbox 908 3895 1039 3965; x_wconf 87' lang='lat' dir='ltr'>quibusve</span> <span class='ocrx_word' id='word_1_339' title='bbox 1061 3896 1095 3949; x_wconf 78' lang='lat' dir='ltr'><strong><em>tle</em></strong></span> <span class='ocrx_word' id='word_1_340' title='bbox 1116 3900 1203 3951; x_wconf 79' lang='lat' dir='ltr'>causis</span> <span class='ocrx_word' id='word_1_341' title='bbox 1231 3899 1265 3952; x_wconf 84' lang='lat' dir='ltr'><strong><em>sd</em></strong></span> <span class='ocrx_word' id='word_1_342' title='bbox 1284 3901 1360 3971; x_wconf 86' lang='lat' dir='ltr'>prin-</span> 
     </span>
     <span class='ocr_line' id='line_1_40' title="bbox 279 3968 1361 4040; baseline 0 -18"><span class='ocrx_word' id='word_1_343' title='bbox 279 3973 398 4040; x_wconf 80' lang='lat' dir='ltr'>cipatum</span> <span class='ocrx_word' id='word_1_344' title='bbox 419 3979 523 4021; x_wconf 85' lang='lat' dir='ltr'>evectus</span> <span class='ocrx_word' id='word_1_345' title='bbox 553 3969 603 4029; x_wconf 88' lang='lat' dir='ltr'>sit,</span> <span class='ocrx_word' id='word_1_346' title='bbox 630 3982 802 4034; x_wconf 83' lang='lat' dir='ltr'>exponamus.</span> <span class='ocrx_word' id='word_1_347' title='bbox 831 3982 893 4016; x_wconf 86' lang='lat' dir='ltr'><strong><em>nom</em></strong></span> <span class='ocrx_word' id='word_1_348' title='bbox 921 3983 976 4018; x_wconf 85' lang='lat' dir='ltr'>nou</span> <span class='ocrx_word' id='word_1_349' title='bbox 998 3968 1097 4033; x_wconf 87' lang='lat' dir='ltr'>solum,</span> <span class='ocrx_word' id='word_1_350' title='bbox 1124 3986 1194 4037; x_wconf 80' lang='lat' dir='ltr'>quae</span> <span class='ocrx_word' id='word_1_351' title='bbox 1219 3980 1282 4021; x_wconf 83' lang='lat' dir='ltr'>ante</span> <span class='ocrx_word' id='word_1_352' title='bbox 1308 3972 1361 4021; x_wconf 85' lang='lat' dir='ltr'>im-</span> 
     </span>
     <span class='ocr_line' id='line_1_41' title="bbox 278 4035 1360 4112; baseline 0.003 -23"><span class='ocrx_word' id='word_1_353' title='bbox 278 4042 383 4112; x_wconf 81' lang='lat' dir='ltr'>perium</span> <span class='ocrx_word' id='word_1_354' title='bbox 405 4041 505 4105; x_wconf 76' lang='lat' dir='ltr'>egerit,</span> <span class='ocrx_word' id='word_1_355' title='bbox 526 4038 625 4090; x_wconf 78' lang='lat' dir='ltr'>referre</span> <span class='ocrx_word' id='word_1_356' title='bbox 644 4035 724 4088; x_wconf 85' lang='lat' dir='ltr'>nobis</span> <span class='ocrx_word' id='word_1_357' title='bbox 743 4036 947 4105; x_wconf 88' lang='lat' dir='ltr'>proposuimus,</span> <span class='ocrx_word' id='word_1_358' title='bbox 975 4054 1066 4089; x_wconf 87' lang='lat' dir='ltr'>verum</span> <span class='ocrx_word' id='word_1_359' title='bbox 1090 4040 1186 4103; x_wconf 70' lang='lat' dir='ltr'>suom,</span> <span class='ocrx_word' id='word_1_360' title='bbox 1212 4058 1281 4109; x_wconf 79' lang='lat' dir='ltr'>quse</span> <span class='ocrx_word' id='word_1_361' title='bbox 1309 4042 1360 4093; x_wconf 85' lang='lat' dir='ltr'><strong><em>im·</em></strong></span> 
     </span>
     <span class='ocr_line' id='line_1_42' title="bbox 279 4106 1357 4181; baseline -0.001 -18"><span class='ocrx_word' id='word_1_362' title='bbox 279 4112 356 4181; x_wconf 86' lang='lat' dir='ltr'>perio</span> <span class='ocrx_word' id='word_1_363' title='bbox 374 4110 477 4178; x_wconf 87' lang='lat' dir='ltr'>potitus</span> <span class='ocrx_word' id='word_1_364' title='bbox 500 4108 570 4161; x_wconf 78' lang='lat' dir='ltr'>bene</span> <span class='ocrx_word' id='word_1_365' title='bbox 588 4107 716 4158; x_wconf 82' lang='lat' dir='ltr'>ootnmle</span> <span class='ocrx_word' id='word_1_366' title='bbox 734 4106 855 4175; x_wconf 74' lang='lat' dir='ltr'>gesserit,</span> <span class='ocrx_word' id='word_1_367' title='bbox 875 4108 978 4157; x_wconf 80' lang='lat' dir='ltr'>etiamsi</span> <span class='ocrx_word' id='word_1_368' title='bbox 1002 4110 1028 4159; x_wconf 88' lang='lat' dir='ltr'><strong><em>in</em></strong></span> <span class='ocrx_word' id='word_1_369' title='bbox 1046 4109 1179 4171; x_wconf 82' lang='lat' dir='ltr'>osrsnibus,</span> <span class='ocrx_word' id='word_1_370' title='bbox 1193 4128 1263 4180; x_wconf 74' lang='lat' dir='ltr'>(guae</span> <span class='ocrx_word' id='word_1_371' title='bbox 1281 4129 1357 4165; x_wconf 76' lang='lat' dir='ltr'>enar·</span> 
     </span>
     <span class='ocr_line' id='line_1_43' title="bbox 281 4176 1362 4253; baseline -0.001 -16"><span class='ocrx_word' id='word_1_372' title='bbox 281 4180 365 4239; x_wconf 69' lang='lat' dir='ltr'>senile</span> <span class='ocrx_word' id='word_1_373' title='bbox 380 4178 460 4235; x_wconf 87' lang='lat' dir='ltr'>nohis</span> <span class='ocrx_word' id='word_1_374' title='bbox 480 4188 559 4250; x_wconf 81' lang='lat' dir='ltr'>sont,</span> <span class='ocrx_word' id='word_1_375' title='bbox 583 4176 725 4233; x_wconf 78' lang='lat' dir='ltr'>offendisse</span> <span class='ocrx_word' id='word_1_376' title='bbox 754 4194 817 4232; x_wconf 85' lang='lat' dir='ltr'><strong><em>eom</em></strong></span> <span class='ocrx_word' id='word_1_377' title='bbox 832 4177 1006 4235; x_wconf 75' lang='lat' dir='ltr'>inveniamus.</span> <span class='ocrx_word' id='word_1_378' title='bbox 1036 4197 1091 4233; x_wconf 86' lang='lat' dir='ltr'><strong><em>noe</em></strong></span> <span class='ocrx_word' id='word_1_379' title='bbox 1114 4182 1184 4233; x_wconf 85' lang='lat' dir='ltr'>enim</span> <span class='ocrx_word' id='word_1_380' title='bbox 1206 4198 1312 4253; x_wconf 74' lang='lat' dir='ltr'>percon</span> <span class='ocrx_word' id='word_1_381' title='bbox 1331 4192 1362 4237; x_wconf 91' lang='lat' dir='ltr'>ut</span> 
     </span>
    </p>
   </div>
   <div class='ocr_carea' id='block_1_7' title="bbox 0 0 1528 4909">
    <p class='ocr_par' dir='ltr' id='par_1_7' title="bbox 0 0 1528 4909">
     <span class='ocr_line' id='line_1_44' title="bbox 0 0 1528 4909; baseline 0 0"><span class='ocrx_word' id='word_1_382' title='bbox 0 0 1528 4909; x_wconf 95' lang='lat' dir='ltr'><strong><em> </em></strong></span> 
     </span>
    </p>
   </div>
  </div>
 </body>
</html>
