3042 4909
230 348 310 433 τηε
574 342 714 409 suum
740 342 965 409 couuousc

229 499 269 561 ἵν’
291 490 404 559 ὁπόσοι
423 493 482 575 μὲν
498 490 588 577 ἡμῶν
608 496 649 580 τῇ
668 496 711 580 σῇ
730 497 879 583 βασιλειρι
899 494 1056 579 θητεῦσαι
1074 488 1262 574 βούλοιντο,
1283 496 1322 581 τῇ

227 592 307 679 πρὸς
329 594 365 657 τὸ
398 596 527 673 τέμενος
556 595 615 657 τού
641 589 805 678 μάρτυρος
829 592 1056 681 α’πονενευκυίρ
1083 596 1322 677 προσίλθωσιν,

124 700 154 752 Ρ,
169 692 334 772 ι54δπδοοι
355 694 391 757 δὲ
414 688 494 776 πρὸς
516 688 574 775 τὴν
594 689 681 757 ἰδίαν
702 691 843 775 πατρίδα
858 691 1087 771 ε’πανσζεῦξαι,
1107 690 1144 778 τῇ
1166 689 1244 776 πρὸς
1262 692 1319 757 τδν

226 788 367 857 Αύλῶνα
399 787 553 878 α’φοροδση
583 788 865 875 προσχωρήσασι.”
920 791 1011 855 ταῦτ’
1041 789 1182 865 εἰπόντες
1212 814 1318 875 παρα·
1373 832 1381 838 ·

223 892 335 973 χρῆμα
364 892 543 973 προσῆλθον
568 890 611 975 τῷ
632 894 770 969 βασιλεῖ’.
825 886 901 952 δδὲ
918 890 1092 969 Βρυίννιος
1109 896 1251 970 γενναῖος
1270 883 1344 958 ύνὸ

222 987 305 1073 α’νηρ
326 991 595 1071 προσεληλυθέναι
605 989 664 1068 μὲν
675 988 720 1074 τῷ
733 990 865 1069 βασιλεῖ
881 986 1031 1067 ου’δαμῶς
1048 987 1209 1071 ἠβούλετο,
1229 983 1313 1051 inci·

219 1109 321 1167 μνυτο
341 1088 377 1151 δὲ
396 1087 554 1171 μηδέποτε
579 1090 645 1151 κατ’
666 1086 769 1151 αύτού
788 1079 872 1149 ὅπλα
891 1088 1034 1169 κινῆσαι,
1066 1085 1100 1149 εί
1122 1081 1221 1167 μόνον
1242 1089 1316 1171 δοίη

223 1188 298 1262 τούς
325 1190 435 1251 τοῦτον
459 1188 556 1269 μέχρι
584 1186 646 1250 τῶν
667 1184 765 1269 δρίων
792 1186 850 1269 τῆς
877 1188 941 1249 τῶν
965 1184 1132 1267 Ῥωμαίων
1150 1188 1316 1267 βασιλείας

221 1281 395 1362 α’κινδύνως
419 1284 665 1367 διασώσοντος,
683 1289 747 1351 ,καί
767 1276 851 1348 οὕτω
881 1280 959 1368 πρὸς
976 1282 1035 1366 την
1051 1285 1136 1349 ίδίαν
1155 1286 1315 1351 α’πολύοαι

217 1384 340 1469 χώραν.
385 1383 403 1445 δ
425 1384 462 1447 δὲ
484 1382 685 1468 αὐτοκράτωρ
706 1380 795 1471 μύλα
816 1384 937 1465 ταχέως
955 1384 1094 1468 ἐπλήρου
1115 1381 1149 1449 τύ
1172 1384 1311 1468 eloquor
1326 1406 1364 1446 so

115 1544 117 1549 .
219 1481 318 1559 κδτδς
345 1482 382 1547 δδ
413 1483 469 1566 τῆς
498 1480 579 1567 πρὸς
608 1480 641 1546 si
672 1480 847 1559 Βυζάντιον
875 1477 980 1563 εἴχετο
1009 1478 1139 1567 νικητὴς
1158 1482 1310 1568 ἐπιφανέ-

218 1604 343 1658 στατος.

306 1704 335 1745 τ.
378 1679 508 1763 Μικρὸν
536 1683 574 1745 δὲ
602 1680 746 1744 ἐνταῦθα
766 1679 825 1764 τὴν
851 1682 909 1745 τού
926 1677 1019 1763 λύγου
1041 1678 1184 1767 διήγησιν
1204 1681 1311 1749 διακύ-

219 1796 329 1860 ψασα,
351 1772 434 1854 ὅπως
457 1782 514 1843 καί
529 1775 603 1855 τούς
624 1776 868 1853 Παυλικιανούς
889 1779 1141 1862 κατηγωνισατο,
1163 1782 1309 1866 διηγησο-

192 1900 289 1959 nuuc.
340 1880 398 1942 ούκ
417 1875 514 1965 ἔφερε
533 1878 616 1963 μηδὲ
636 1874 769 1955 τούτους
795 1875 871 1954 τούς
892 1876 1072 1953 α’ποστοὶτας
1090 1886 1306 1963 καταγωνίοα-
1323 1885 1360 1944 ε5

218 1984 298 2044 σθαι
318 1976 381 2062 πρδ
399 1980 457 2042 τοῦ
475 1975 512 2041 τοὶ
532 1979 682 2058 βασίλεια
700 1980 901 2059 καταλαβεῖν,
923 1980 993 2043 αλλ’
1014 1972 1119 2061 ὥσπερ
1141 1977 1204 2042 α’πδ
1227 2002 1310 2055 τινος

214 2080 302 2161 νίκης
319 2071 431 2160 ἑτέραν
450 2078 537 2162 νίκην
550 2072 832 2162 πρυτανευόμενος,
852 2081 907 2141 καί
926 2075 984 2161 την
1004 2076 1130 2162 πληθύν
1150 2080 1215 2144 τοῖν
1231 2083 1307 2145 Μα-

215 2174 346 2258 νιχαίων
366 2174 417 2243 τύν
439 2174 551 2241 κύκλον
572 2176 822 2259 συμπληρούσαν
842 2178 906 2241 ταῖν
919 2172 1038 2241 ἑαυτοῦ
1056 2175 1308 2259 κατορθωμάτων

216 2278 327 2339 ἐποίει.
369 2277 444 2341 ούδὲ
473 2274 537 2360 γὰρ
571 2276 644 2357 ἐνῆν
664 2276 710 2362 τῷ
740 2277 875 2360 λαμπρῷ
900 2278 1039 2363 τροπαίῳ
1070 2278 1134 2341 τῶν
1152 2271 1308 2361 ἑσπερίων

214 2376 372 2456 πολεμίων
395 2368 461 2443 οἷον
478 2380 588 2441 σπῖλον
614 2376 730 2440 ἐνεῖναι
757 2370 834 2448 τούς
854 2376 890 2438 ἐκ
909 2376 1141 2439 Παυλινιανοῖν
1162 2374 1356 2462 δρμωμὲ-αο

215 2494 289 2548 κους
310 2474 456 2559 ἐκείνους.
509 2473 563 2539 διδ
582 2474 719 2555 πολέμου
750 2472 786 2536 δὲ
805 2470 862 2538 καί
878 2468 988 2557 μα’χης
1017 2472 1077 2538 osis
1097 2468 1230 2560 ἢθελεν,
1251 2477 1303 2541 ἵνα

288 2692 308 2726 ι.
328 2672 473 2749 ἦμῶνσω.
492 2676 521 2727 Α.
592 2674 616 2727 3.
634 2673 850 2729 λδίανεοὶκελαν
867 2676 897 2725 Δ.
968 2675 994 2742 ί.
1013 2672 1208 2747 δφορσίοιιΡ.
1276 2682 1303 2734 6.

282 2746 336 2816 μὲν
354 2764 407 2800 om.
424 2745 479 2797 CG.
531 2747 571 2816 spi
590 2746 700 2815 βασιλεῖ
717 2742 780 2795 εδδ.
799 2745 829 2795 A.
892 2743 1105 2818 οὐδαμῶςεούκ
1121 2750 1151 2800 Α.
1220 2748 1304 2822 ἠβού-

281 2819 342 2869 λετο
360 2818 396 2878 λ,
416 2816 540 2884 ἐβούλετο
558 2816 611 2867 PG.
718 2814 861 2887 ίπόμνυτο
880 2814 939 2880 ΡΑ,
964 2818 1113 2889 ἐπώμνυτο
1131 2818 1188 2875 CG.
1277 2840 1301 2909 η.

282 2890 342 2940 κατ’
360 2884 448 2941 αὐτοῦ
464 2885 602 2959 μηδέποτε
621 2886 653 2939 G.
752 2888 778 2938 8.
796 2886 914 2942 conitor:
930 2881 1017 2945 αὐτὸν
1034 2890 1065 2939 Δ.
1151 2909 1178 2959 9.
1195 2890 1303 2945 διασει-

283 2975 389 3018 σαντας
406 2958 440 3009 G.
528 2975 566 3009 rr.
584 2959 811 3030 ἐπιφανέστατος
829 2972 880 3008 om.
898 2958 928 3009 Δ.
1020 2959 1058 3010 13.
1076 2957 1126 3014 τοῦ
1145 2962 1232 3032 λόγου
1247 2980 1303 3018 om.

282 3028 316 3080 G.
403 3028 567 3099 διακόψασα
585 3029 642 3094 FP,
663 3026 788 3103 τεμοῦσα
806 3026 860 3080 CG.
953 3028 990 3095 ιλ.
1008 3032 1057 3084 καί
1076 3028 1139 3082 adsi
1155 3032 1186 3084 F.

213 3206 263 3261 tur,
273 3205 304 3249 ut
314 3198 489 3270 “quicunque
502 3208 626 3253 nostrum
643 3199 693 3252 sub
706 3206 754 3251 lus
765 3198 909 3250 maiestate
923 3214 1027 3251 merere
1038 3200 1134 3266 velint,
1151 3201 1186 3253 sd
1198 3202 1301 3272 siguum

213 3268 336 3335 martyris
362 3270 457 3321 aedem
485 3288 576 3322 versus
614 3271 713 3322 usitum
731 3286 759 3322 se
777 3268 932 3334 conserant3
951 3272 998 3339 qui
1021 3280 1111 3324 sutem
1138 3272 1168 3323 in
1184 3276 1301 3344 patriam

213 3354 287 3389 suam
306 3339 395 3390 redire
413 3341 542 3411 cupiant,
570 3288 611 3392 οδ
625 3341 746 3409 signum,
765 3337 841 3410 quod
857 3340 991 3392 Aulonem
1008 3357 1100 3394 versus
1117 3352 1237 3413 spectat,
1254 3364 1300 3400 ao-

212 3409 334 3462 cedant.”
352 3410 452 3479 quibus
472 3411 568 3475 dictis,
596 3414 688 3463 statim
707 3411 742 3462 acl
759 3410 947 3481 imperatorem
964 3419 1124 3481 transeunt3
1150 3415 1300 3483 Bryennius

213 3489 321 3543 sutem,
339 3498 393 3549 quo
416 3490 474 3535 erat
502 3484 593 3533 auimo
623 3498 768 3551 generoso,
799 3482 874 3534 idem
890 3482 980 3533 iecere
1002 3499 1176 3554 nequequam
1194 3488 1299 3553 voluit;

212 3551 311 3603 iuravit
329 3559 420 3604 umen
437 3570 577 3623 nunquam
595 3569 624 3603 se
644 3554 672 3603 in
683 3552 874 3623 imperatorem
886 3570 959 3604 armo
977 3562 1117 3624 capturum
1131 3572 1198 3620 esse,
1217 3560 1299 3612 modo

213 3636 254 3681 se,
275 3638 360 3691 usque
379 3623 415 3675 ad
434 3623 541 3692 imperii
559 3624 671 3675 Romani
689 3624 757 3675 fines
774 3632 835 3675 tuto
853 3622 1009 3688 deductum,
1028 3624 1137 3677 domum
1154 3626 1244 3679 redire
1263 3632 1300 3682 si·

212 3699 298 3743 neret.
316 3692 462 3761 imperator
480 3695 619 3746 celerrime
636 3694 784 3757 concessit,
805 3692 879 3763 quod
904 3695 1070 3763 postulavit3
1094 3697 1155 3768 ipse
1178 3698 1231 3751 iter
1248 3700 1301 3769 sy.

213 3763 331 3813 cautium
350 3766 483 3832 ingressus
501 3774 551 3827 est,
561 3762 706 3835 splendida
725 3764 837 3816 victoria
857 3772 1002 3834 reportsta.

295 3850 320 3885 ο.
357 3833 498 3901 Digrediur
521 3835 566 3887 lsic
587 3834 758 3905 paullulum,
784 3843 816 3887 ut
844 3833 980 3903 quomodo
998 3836 1168 3890 Psuliciuuos
1188 3854 1299 3909 quoque

213 3898 412 3967 debellaverit,
441 3922 571 3959 enarrem.
594 3922 657 3957 nam
679 3906 780 3975 puduit
798 3920 876 3967 eum,
895 3904 1046 3957 desertores
1062 3909 1128 3961 istos
1147 3924 1203 3961 uon
1222 3910 1299 3962 devi-

209 3973 293 4037 cisse,
313 3975 470 4044 priusquam
489 3978 518 4029 in
548 3978 647 4046 regium
671 3976 787 4039 rediret5
816 3974 864 4026 sed
902 3976 959 4027 ussi
977 3978 1115 4030 victorium
1133 3996 1168 4031 ex
1186 3982 1299 4034 victoria

210 4058 320 4108 serens,
337 4046 421 4096 etiem
439 4046 657 4100 Manichaeorum
679 4044 857 4099 multitudine
880 3991 989 4110 δελετε,
1011 4049 1148 4118 praeclare
1167 4052 1300 4104 lectorum

211 4112 303 4165 orbem
321 4115 451 4184 implerit.
469 4133 560 4187 neque
579 4119 651 4169 euim
669 4133 719 4186 per
738 4124 804 4179 erat,
825 4114 959 4169 illustrem
979 4116 1014 4169 de
1032 4118 1154 4171 occiduis
1172 4120 1299 4176 hostibus

210 4193 373 4255 reponsum
391 4185 528 4239 victorium
549 4190 627 4257 quasi
644 4187 749 4243 rusculo
767 4186 871 4240 allicere
893 4188 958 4241 istos
976 4205 1009 4240 es
1028 4188 1189 4245 l'sulicisuis
1205 4194 1299 4263 prole-
