3042 4909
825 256 852 301 x
1037 266 1045 303 ·.
1136 250 1156 277 ,

366 379 424 465 36
710 403 849 471 suurn
885 402 1109 470 oouunusn

364 552 556 621 deusdedus*
580 556 635 641 τῆς
655 552 787 641 ῦσφῦος.
830 554 885 620 καὶ
911 554 929 617 ὅ
948 559 1007 636 μὲν
1028 552 1130 637 εἴχετο
1147 549 1261 618 τοῦτον
1279 546 1376 639 dude}
1397 554 1461 619 καί

364 653 537 737 ἐπιβαίνειν
570 657 716 737 ἐπειρᾶτο
738 658 796 718 τοῦ
818 655 941 735 νώτου,
976 655 993 716 d
1020 658 1056 718 δὲ
1080 652 1224 737 καθάπερ
1244 657 1359 738 θηρίον
1378 655 1458 718 ἐπι.

362 758 505 838 στρέψας
524 750 656 835 ἑαυτὸν,
680 758 830 818 ε’κκεντεῖν
852 752 906 815 drd
930 755 987 817 τοῦ
1006 755 1117 837 ξίφους
1136 754 1294 835 ἐβούλετο.
1315 748 1357 816 du’
1374 755 1459 834 μέν·

362 876 411 917 τοι
440 852 516 916 κοινοὶ
553 858 626 915 νοῦν
649 849 764 935 ἐχώρει
786 854 872 939 αὐτῷ
891 851 929 916 τὰ
953 852 1138 934 πράγματα,
1170 850 1225 916 οἷεί
1239 874 1270 915 τι
1290 854 1349 916 τοῦ
1368 849 1455 915 κατὰ

362 956 459 1017 νῶτον
485 952 627 1035 Τοῦρκοο
661 956 867 1033 λογιζομένου
900 956 955 1016 καί
982 950 1040 1025 τὰς
1068 948 1198 1033 τρώσεις
1234 950 1486 1037 ε’κφεῦγοντος.5

364 1052 436 1115 ἐπεί
456 1054 491 1115 dt
511 1051 566 1115 καί
585 1050 604 1132 ’ἢ
626 1048 713 1129 δεξιοὶ
735 1053 822 1137 αὐτῷ
845 1048 1008 1134 ἀπειρήκει
1027 1052 1261 1130 κενεμβατοῦσιν
1283 1050 1340 1113 καί
1357 1052 1455 1113 α’πεῖ-

287 1174 291 1185 “
363 1174 420 1214 πεν
440 1151 457 1214 ὁ
476 1150 634 1233 ἀθλητής,
655 1152 796 1213 ἐνταῦθα
827 1148 908 1232 πρὸς
927 1144 1053 1212 ἅπασαν
1071 1157 1166 1231 χεῖρα
1186 1150 1343 1230 πολεμίων
1362 1152 1457 1213 ἐνδέ-

364 1252 462 1313 ῦωκεν
483 1244 608 1313 ἑαυτόν.
653 1249 686 1312 οἳ
703 1245 757 1311 κατ’
783 1246 1014 1329 συλλαβόμενοι
1035 1251 1147 1312 τοῦτον
1167 1250 1223 1311 καί
1241 1243 1347 1330 ὥσπερ
1367 1250 1455 1329 μέγα

362 1350 456 1423 κῦδος
475 1348 654 1431 ιοἶρτέμενοι,
685 1348 869 1426 κομίζουσιν
895 1344 1026 1435 Ἀλεξίιγ
1045 1349 1091 1433 τῷ
1113 1348 1285 1434 Κσμνηνῷ,
1308 1340 1346 1409 οῦ
1365 1342 1456 1410 πάνυ

346 1448 466 1525 ’μέντοι
487 1449 676 1529 πορρωτέρω
698 1444 906 1528 καθεστηκότι
925 1448 980 1529 τῆς
1007 1446 1066 1508 τοῦ
1081 1447 1258 1527 Βρυεννιλιυ
1282 1440 1453 1527 ἆλοῦοεως,
1467 1470 1508 1512 ιο

362 1541 541 1609 ἐκτάττοντα
563 1546 598 1607 δὲ
624 1543 681 1618 τοὶς
697 1566 731 1606 τε
751 1547 813 1607 τοῦν
841 1537 1013 1625 βαρβάρων
1033 1542 1088 1606 καί
1106 1541 1165 1617 τὰς
1186 1538 1302 1609 ἑαυτοῦ
1323 1534 1456 1629 φάλαγ-

275 1651 309 1705 V.
324 1624 420 1724 ιγγας
440 1644 495 1705 καί
513 1641 589 1725 πρὸς
609 1640 664 1705 τὸν
683 1642 818 1721 πόλεμον
837 1644 1025 1724 ἐρεθίζοντι.
1066 1641 1121 1706 καί
1140 1642 1291 1727 πρότερον
1310 1644 1370 1723 μὲν
1395 1642 1455 1706 διά

280 1746 309 1799 P.
324 1750 453 1806 ιδτινων
481 1738 624 1824 κηρύκων
644 1741 701 1823 τὴν
734 1737 852 1805 ἅλωσιν
872 1741 929 1803 τοῦ
951 1737 1066 1822 α’νδρὸς
1085 1727 1317 1834 ῦιεπέμξναντο,
1341 1738 1454 1805 ἔπειτα

362 1842 399 1903 δὲ
419 1837 474 1904 καί
490 1838 588 1904 αῦτόν
611 1842 790 1921 παρεστῶσι
811 1843 855 1927 τῷ
876 1844 1050 1925 στρατηγῷ,
1070 1843 1179 1921 θέαμα
1196 1833 1291 1915 ῦντως
1312 1838 1455 1927 φοβερὸν

361 1940 419 2002 καί
439 1940 635 2020 πολεμοῦντα
657 1939 712 2001 καί
726 1937 941 2017 ἁλισκόμενον.
985 1934 1070 2001 οῦτοι
1090 1942 1151 2019 μὲν
1172 1932 1229 2003 οῦν
1247 1936 1304 2005 τὸν
1324 1941 1502 2021 Boves-15

360 2060 427 2102 νιον
448 2038 494 2111 εἷς
524 2045 637 2121 χεῖρας
665 2034 748 2119 ἔχων
769 2037 787 2100 o‘
811 2034 977 2120 Κομνηνὸς
1005 2035 1162 2118 Ἀλέξιος,
1193 2040 1386 2123 δορῦκτητον
1405 2042 1453 2122 τῷ

360 2140 491 2219 βασιλεῖ
508 2138 657 2216 ἐκπέμπει
678 2134 873 2223 Βοτανειάτη
884 2187 893 2216 ,
924 2137 1024 2219 μηδὲν
1043 2140 1152 2216 μέντοι
1171 2137 1388 2220 λυμηνάμενος
1406 2134 1451 2200 τὰ

360 2230 490 2317 ὄμματα
512 2232 592 2310 ῦλως
614 2234 631 2298 ὅ
653 2233 744 2319 α’νὴρ.
788 2234 827 2297 οῦ
847 2233 910 2318 γὰρ
928 2227 966 2317 ἦν
982 2235 1123 2307 τοιοῦτος
1141 2234 1158 2297 d
1173 2232 1348 2319 Κομνηνός,
1369 2228 1452 2299 οῦστε

345 2335 439 2415 «μετὰ
462 2333 521 2419 τὴν
558 2330 677 2399 εἵλωσιν
697 2336 924 2415 ἐπεξέρχεσθαι
958 2342 1024 2407 τοῖς
1043 2335 1092 2396 ἐπ’
1113 2334 1215 2398 αῦτὸν
1233 2338 1451 2415 καταστᾶσιν,

359 2434 427 2497 αλλ’
448 2438 493 2509 εἰς
508 2440 663 2517 τιμωρίαν
683 2430 825 2515 αῦτοὶρκη
845 2428 968 2511 ἐνόμιζε
983 2429 1040 2513 τὴν
1060 2434 1120 2495 τοῦ
1140 2437 1290 2512 πολεμίου
1315 2428 1499 2497 dimerso

358 2528 397 2594 τῦ
430 2534 461 2595 d'
484 2536 631 2599 ἐντεῦθεν
661 2534 901 2616 φιλανθρωπίαι
921 2549 956 2593 τε
983 2530 1038 2594 κατ’
1058 2531 1294 2618 φιλοφροσύναι
1315 2533 1370 2594 καί
1393 2556 1450 2616 φι-

331 2634 486 2712 Βλοτιμία
508 2631 614 2713 πολλή.
658 2625 734 2713 ὅπερ
758 2633 817 2693 κιίν
835 2631 880 2716 τῷ
903 2629 1063 2717 Βρυεκνίιρ
1084 2632 1267 2705 ἐνεδείξατο.
1311 2629 1449 2715 καὶγὰρ

360 2725 468 2794 ἱκανὸν
491 2724 580 2816 αὐτῷ
598 2726 676 2810 μετὰ
697 2726 754 2811 την
775 2726 894 2794 ἅλωσιν
909 2728 1148 2815 συμπορευθείς
1170 2728 1342 2813 διάστημα,
1367 2728 1450 2795 ε’κοὶν

431 2914 456 2981 d.
476 2914 554 2977 τιλ,
574 2898 618 2965 dos
640 2914 674 2978 P,
693 2930 744 2965 om.
762 2912 797 2969 G.
869 2916 894 2967 5.
910 2913 1001 2968 νώτου
1020 2914 1054 2965 G.
1124 2915 1303 2985 λογιζομένου
1322 2914 1347 2965 Ρ.
1407 2916 1449 2966 18.

346 2996 350 3005 ·
429 2983 570 3127 ρλωφηοφτῷ
588 2985 734 3127 graffiis
751 3002 779 3037 τι
795 2984 990 3058 λυμηνάμενος
1009 2982 1100 3056 ἑαυτῷ
1125 2985 1175 3039 τοῦ
1193 2985 1324 3058 σώματος
1341 2980 1357 3039 d
1374 2981 1449 3056 ἀνόρ

361 3227 415 3283 qne
432 3210 543 3263 firmiter
560 3208 599 3261 ibi
618 3208 823 3261 adhaeresceret
845 3218 874 3262 et
890 3216 992 3279 tergum
1011 3210 1171 3263 inscendere
1187 3212 1329 3275 niteretur,
1346 3212 1448 3279 Bryen·

359 3284 421 3334 nius
441 3290 472 3334 ut
497 3280 578 3331 belua
596 3296 654 3331 sese
673 3289 848 3346 convertens,
877 3282 1020 3350 perfodere
1038 3298 1099 3333 eum
1119 3281 1210 3350 gladio
1231 3282 1337 3347 voluit3
1354 3298 1447 3352 neque

359 3361 451 3405 tumen
470 3369 503 3403 ex
522 3352 655 3403 sententis
674 3368 715 3401 res
732 3352 827 3413 cessit,
845 3368 905 3402 eum
920 3353 1008 3403 Turea
1025 3368 1097 3421 pone
1117 3360 1220 3421 tergum
1246 3369 1352 3422 semper
1369 3354 1447 3419 ictus,

360 3424 493 3475 inclinato
511 3438 632 3490 corpore,
653 3423 773 3473 evitaret
790 3422 909 3492 denique
921 3423 1018 3475 inssatn
1039 3422 1134 3474 dextra
1147 3422 1281 3475 iactandis
1299 3425 1328 3474 in
1346 3422 1446 3475 vnnu‘m

360 3492 483 3557 ictibus,
517 3509 576 3543 cum
600 3493 746 3557 Bryennius
771 3492 939 3561 desperaret,
968 3494 996 3543 in
1019 3492 1136 3543 medium
1159 3511 1187 3544 se
1205 3494 1324 3545 hostiurn
1339 3493 1447 3545 turbam

360 3563 469 3629 iniecit3
488 3564 534 3633 qui
556 3562 778 3630 comprehensum
796 3562 946 3626 bominem,
965 3563 1042 3613 velut
1061 3581 1183 3631 magnum
1202 3564 1314 3633 gloriam
1332 3562 1446 3634 adepti,

361 3634 394 3684 ad
414 3634 540 3701 Alexium
561 3632 726 3684 Comnenum
746 3633 899 3698 ducebant,
921 3634 970 3702 qui
994 3632 1068 3684 haud
1093 3636 1188 3703 procui
1212 3636 1307 3686 aberat
1331 3644 1360 3686 et
1385 3649 1447 3685 suos
1508 3658 1510 3666 ·

359 3703 565 3773 Turoorumque
594 3702 702 3755 ordines
731 3705 884 3755 instruebat
911 3714 993 3772 atque
1021 3704 1057 3755 ud
1085 3722 1204 3773 pugnarn
1227 3703 1448 3756 inoitnbstism-

361 3790 415 3842 que
444 3774 596 3844 praemissis
628 3774 731 3825 nuntiis
750 3774 792 3825 iiii
816 3776 850 3825 de
872 3783 951 3843 capto
970 3776 1100 3842 Bryennio
1126 3777 1266 3827 certiorem
1287 3792 1350 3827 eum
1375 3776 1449 3826 iece-

361 3853 437 3908 runt3
458 3862 519 3895 mox
537 3846 623 3913 ipsum
640 3844 827 3907 adducebant,
844 3846 892 3913 qui
907 3844 1037 3897 terribilis
1057 3862 1122 3897 sone
1138 3846 1268 3916 adspectu
1284 3855 1312 3898 et
1324 3862 1448 3914 pugnans

362 3915 504 3967 etrinctus
522 3924 587 3965 erat.
606 3916 655 3969 tuli
676 3914 756 3965 modo
777 3916 887 3984 neptuni
902 3916 1065 3981 bryennium
1077 3916 1186 3967 Alesios
1203 3916 1238 3967 sd
1255 3918 1447 3986 imperetur-ens

362 3981 440 4035 duxit
453 3986 633 4049 botoniatem,
653 3986 722 4036 nihii
742 3986 970 4038 omnino‘aiilictr's
989 3986 1074 4037 oculis
1096 3988 1163 4037 eius.
1179 4003 1235 4039 non
1253 3986 1325 4039 enim
1346 3988 1370 4037 is
1390 3994 1448 4037 erat

360 4062 441 4123 puter
457 4058 598 4125 meus‚qui
620 4057 704 4125 ceptis
722 4055 848 4106 hostibus
865 4056 1015 4118 insultaret,
1037 4054 1085 4107 sed
1102 4056 1138 4107 ad
1155 4074 1272 4126 poenam
1282 4058 1346 4109 estis
1361 4058 1448 4125 cupti-

361 4124 474 4176 ritstem
496 4126 624 4189 docebnt3
644 4126 711 4195 quin
729 4128 809 4176 immo
827 4135 889 4193 post
898 4128 1039 4179 victoriam
1050 4144 1145 4193 magns
1165 4130 1195 4179 in
1215 4144 1262 4180 eos
1275 4136 1334 4178 erat
1350 4126 1449 4179 buma-

360 4197 449 4248 nitute
468 4202 496 4246 et
514 4196 684 4263 benignitate
703 4206 731 4247 et
748 4197 940 4248 munificentia.
957 4197 1042 4266 idque
1060 4198 1142 4249 etism
1156 4198 1185 4247 in
1204 4200 1337 4321 Bppennio
1354 4196 1449 4250 osten-

362 4264 413 4319 dit.
431 4282 493 4319 πετο
504 4266 631 4344 absoluto
645 4262 698 4320 ia'm
711 4284 771 4321 eum
783 4284 816 4321 eo
828 4269 893 4320 setis
911 4268 992 4336 longo
1007 4268 1123 4333 itinere,
1144 4268 1192 4321 ubi
1211 4287 1227 4320 s
1266 4269 1357 4321 locum
1369 4302 1447 4319 ......
