3042 4909
307 360 429 441 ¹xxnstr
662 357 858 423 iunones
887 356 1089 423 senonens
1143 372 1150 389 ·

334 514 463 587 novius
475 538 557 586 usus
570 527 636 609 est,
649 516 906 614 cognationem
916 518 1054 590 babere
1067 514 1274 625 maximam,
1286 537 1421 609 quam·

331 638 385 708 ris
408 660 528 709 rursus
559 662 637 711 non
661 637 800 735 desint,
825 666 920 739 quae
950 641 1138 737 utriusque
1161 638 1245 709 libri
1269 635 1422 711 diversi·

334 770 446 831 tatem
472 774 630 858 arguant.
1104 751 1111 767 ’

429 888 505 955 lam
537 882 585 955 de
620 885 792 981 consilio,
826 883 929 982 quod
966 886 1005 956 in
1035 881 1251 955 adornando
1275 880 1421 952 Alexia-

330 1008 391 1081 dis
409 1022 509 1081 textu
526 1022 668 1083 secutus
691 1034 784 1104 sum,
808 1032 922 1106 pauca
944 1006 1075 1081 dicam
1126 1007 1168 1079 lo
1190 1032 1266 1103 quo
1287 1029 1422 1104 genere

233 1218 238 1233 κ
332 1133 429 1205 hane
453 1130 546 1203 mihi
579 1133 695 1230 legem
731 1132 926 1225 constitui,
947 1144 989 1203 ut
1012 1130 1121 1203 verba
1142 1127 1189 1201 ad
1213 1130 1328 1200 solam
1355 1150 1421 1199 oo-

332 1254 455 1328 dicum
497 1255 747 1327 auotoritatem
784 1252 1018 1346 exhiberem,
1060 1275 1184 1347 neque
1211 1274 1369 1347 usquam
1398 1272 1422 1321 a

329 1379 527 1477 scriptura,
552 1375 668 1473 qualis
692 1376 730 1447 in
758 1374 920 1449 editione
944 1375 1107 1449 Parisino
1131 1386 1246 1467 extat,
1268 1370 1421 1444 recede·

331 1526 430 1596 rem,
460 1501 530 1571 nisi
553 1502 709 1574 aliorum
747 1503 925 1575 librorum
960 1500 1069 1573 lectio
1102 1500 1158 1572 rel
1182 1499 1235 1571 rei
1259 1496 1423 1590 veritati,

331 1626 389 1697 vel
413 1626 597 1722 analogiae
621 1625 888 1723 grammaticae,
913 1623 969 1695 vel
994 1622 1156 1719 denique
1181 1621 1320 1693 Annaei
1342 1632 1422 1692 ser*

330 1746 450 1817 monis
477 1746 730 1820 consuetudini
747 1746 1017 1843 elegantiaeque
1041 1744 1155 1841 magis
1175 1756 1420 1817 consentanea

331 1867 524 1944 videretur.
576 1872 645 1945 Ubi
673 1898 757 1945 vero
783 1872 869 1943 libri
893 1872 942 1943 ob
964 1867 1232 1967 depravationis
1255 1892 1420 1941 commu-

333 1992 483 2067 nionem
517 2021 578 2069 me
608 1997 918 2091 destituerent,'a
942 1992 1174 2067 coniectandi
1203 2006 1301 2088 arte,
1325 2016 1421 2090 qaue

335 2115 505 2191 codicum
536 2121 668 2192 vicaria
708 2133 780 2214 est,
815 2120 986 2192 auxilium
1021 2118 1124 2217 petii.
1187 2116 1420 2213 Quamquam

337 2241 516 2314 eiusmodi
541 2244 580 2315 in
604 2245 695 2317 loeis
717 2244 844 2317 sedulo
870 2244 969 2336 cari,
992 2266 1058 2335 ne,
1081 2240 1205 2338 siquid
1228 2241 1375 2338 iugenio
1400 2264 1422 2313 a

336 2387 398 2435 me
421 2380 605 2463 repertum
631 2382 743 2463 esset,
773 2369 814 2441 in
848 2365 1015 2439 ordinem
1047 2379 1185 2436 temere
1206 2365 1420 2461 reciperem.

337 2488 527 2562 Praeterea
544 2489 890 2587 interpunctionem,
914 2514 1025 2585 quam
1039 2488 1208 2560 Possiuus
1223 2510 1266 2557 ex
1292 2483 1421 2557 codice

336 2632 403 2681 suo
428 2612 733 2707 perversissimam
749 2612 958 2707 reliquerat,
982 2609 1115 2706 passim
1131 2609 1280 2701 mutari,
1305 2631 1421 2704 eaque

218 2760 227 2773 ·
335 2732 413 2803 sola
437 2757 476 2805 re
512 2733 613 2806 effeci
647 2757 933 2830 nonnunquam,
963 2746 1006 2804 ut
1026 2732 1120 2825 loci,
1150 2727 1198 2803 ad
1219 2729 1421 2825 intelligen-

337 2852 427 2925 dum
459 2868 563 2927 antea
597 2856 788 2954 impediti,
820 2858 940 2929 lucem
981 2856 1271 2929 nanciscerentur
1307 2874 1419 2923 suam.

338 2974 491 3050 Codices
522 2980 650 3053 litteris
690 2981 762 3053 suis
792 2981 991 3052 initialibus
1027 2977 1184 3050 distinxi.
1240 2977 1350 3075 lgitur
1380 2975 1420 3047 P.

338 3098 515 3196 signifieat
539 3102 704 3175 codicem
727 3104 868 3176 Possiui
892 3102 966 3173 sive
988 3098 1186 3172 editionem
1213 3100 1423 3193 Perusinum,

336 3222 374 3293 F.
401 3225 666 3319 Florentinum,
691 3224 728 3297 C.
756 3224 1035 3317 Coislinianum,
1069 3222 1111 3294 G.
1138 3220 1423 3315 Gronoviauum,

337 3344 378 3413 Α.
409 3344 651 3443 Augustanam
684 3348 896 3446 Epitomcn,
934 3347 973 3421 Ε.
1004 3346 1189 3443 Epitomos
1227 3344 1422 3438 (bonosii,

337 3464 393 3535 Fr.
420 3467 672 3564 Fragmentum
705 3470 842 3543 codicis
874 3470 1038 3543 Parisini.
1088 3467 1212 3541 Sicubi
1244 3469 1286 3541 iu
1309 3492 1422 3565 eppa·

335 3602 417 3661 ratu
442 3590 567 3663 critico
594 3593 701 3665 unius
733 3592 903 3667 editionis
930 3592 1112 3676 Parisinae
1144 3592 1340 3664 lectionem
1365 3591 1422 3663 iu-

337 3708 472 3806 dicavi,
504 3714 608 3813 quod
640 3715 833 3812 aliquoties
861 3714 995 3787 sactum
1033 3713 1204 3806 memini,
1235 3712 1423 3787 sciendum

338 3846 403 3929 est,
428 3849 543 3909 textus
569 3839 784 3936 scripturam
808 3839 1033 3935 reliquorum
1059 3836 1230 3911 codicum
1243 3836 1318 3909 fide
1342 3838 1421 3909 uiti.

437 3962 628 4035 Volumine
653 3963 766 4035 altero
780 3962 1047 4035 exhibebuntur
1058 3960 1321 4035 denotationes
1343 3983 1422 4032 me-

333 4105 392 4174 ae,
418 4083 456 4153 in
481 4086 615 4180 quibus
640 4110 723 4158 oum
747 4085 850 4155 locos
871 4083 1093 4157 difficiliores
1116 4085 1173 4157 rel
1197 4082 1422 4155 obscuriores

334 4202 541 4302 illustrabo,
571 4222 649 4281 urm
686 4208 875 4302 lectionis,
905 4208 979 4281 sire
1017 4230 1133 4281 novae
1170 4206 1243 4278 sive
1268 4204 1421 4281 intactae
