3042 4909
569 330 809 398 rntErtTto.
939 362 944 374 ,
1158 336 1236 399 XLV

445 564 710 619 tsrruonnu
743 566 942 639 aciones

262 712 346 779 na
404 710 694 780 nunxro
755 713 1123 783 counnno

510 817 870 935 rasamenta
1067 816 1070 824 “

607 1032 788 1044 ἰ--ι--α

148 1151 429 1244 Gosnrnnuus
449 1181 602 1242 Trerus
624 1200 670 1241 ne
689 1198 812 1241 aaran
832 1201 957 1243 sacno
977 1182 1094 1245 Linll.
1112 1180 1232 1243 ΕΔΗ.

145 1284 300 1344 Praeerat
320 1292 424 1343 autem
444 1300 502 1362 per
524 1280 557 1342 id
588 1288 709 1362 tempus
732 1282 926 1343 Graecorum
948 1281 1082 1361 Imperio
1104 1284 1153 1343 vir
1175 1302 1233 1343 ne.

145 1406 243 1467 quam
266 1393 297 1443 et
317 1379 475 1456 subdolus,
492 1381 611 1442 elesius
633 1380 771 1459 nomine,
792 1380 976 1464 cognomine
999 1383 1142 1443 Comutio
1165 1382 1233 1455 (Co-

144 1486 277 1560 muenm)
300 1480 408 1543 dictus.
450 1482 599 1559 Quicum
618 1488 694 1541 asset
712 1482 743 1541 in
760 1481 913 1563 imperiali
934 1480 1050 1562 palatio
1070 1504 1086 1541 a
1109 1481 1233 1541 domino

145 1582 333 1665 Nicephoro,
355 1588 562 1665 cognomento
596 1580 783 1642 botbomath
816 1582 994 1656 (Bolaniate)
1023 1582 1076 1664 qui
1103 1590 1178 1641 tunc
1202 1580 1234 1639 in

143 1666 277 1765 sceptris
294 1702 386 1765 agens
409 1676 656 1764 principabatur,
678 1682 847 1763 plurimum
869 1681 1050 1757 honoratus,
1071 1690 1104 1743 et
1126 1684 1233 1763 Mega-

146 1784 307 1846 dnmestici
336 1782 487 1867 dignitate
516 1786 618 1865 (quem
641 1802 696 1841 nos
723 1774 874 1842 ¹maiorem
896 1782 1104 1843 Senescallum
1124 1783 1234 1863 appel.

48 1868 52 1879 ’
146 1886 214 1947 lare
233 1885 455 1961 consuevimus)
472 1882 656 1965 fungeretur
669 1881 782 1959 officio,
805 1882 843 1942 nb
859 1883 1052 1964 Imperatore
1070 1880 1231 1960 secundus,

148 1994 260 2045 eontra
282 1983 441 2045 dominum
455 1990 486 2044 et
498 1982 728 2044 benefactorem
746 2004 836 2043 sunm
857 1982 1010 2045 malitiose
1021 1983 1231 2059 recalcitrans,

148 2084 258 2167 quinto
288 2083 337 2145 vel
365 2092 450 2145 sexto
478 2102 558 2142 auno
590 2092 755 2165 antequam
778 2081 910 2163 populus
934 2092 1040 2145 noster
1061 2082 1233 2159 accederet,
1339 2150 1343 2159 ¹

146 2184 274 2267 depulso
298 2181 425 2243 domiuo
444 2182 610 2263 imperium
628 2181 791 2257 invaserat,
812 2190 844 2243 et
862 2180 999 2244 retinere
1017 2183 1234 2264 praesumebat

147 2284 234 2369 quod
254 2283 408 2345 violenter
429 2291 647 2363 occupaverat.
690 2280 764 2341 Car.
780 2303 807 2341 x.
829 2283 912 2341 Dum
932 2303 1008 2343 vero
1026 2282 1101 2343 baec
1124 2282 1155 2342 in
1176 2303 1232 2343 ca-

147 2385 218 2447 stris
240 2391 385 2466 aguntur,
403 2403 474 2444 ecce
504 2382 631 2443 domino
653 2379 824 2443 Boamundi
846 2382 977 2443 nuncius
1000 2403 1140 2463 praeseus
1161 2390 1232 2443 ante

146 2486 268 2545 Ducem
289 2483 402 2559 astitit,
422 2479 576 2563 praedicti
608 2482 764 2563 Principis
791 2480 910 2542 litteras
935 2480 1076 2543 deferens
1106 2482 1137 2543 in
1157 2480 1234 2543 baec

146 2584 256 2646 verba:
278 2583 406 2645 Noveris
426 2580 566 2644 virorum
588 2580 715 2661 optime,
736 2580 822 2663 qnod
842 2580 900 2641 tibi
923 2590 1031 2642 contra
1043 2583 1143 2643 feram
1161 2603 1235 2663 pes·

147 2684 253 2745 simam
277 2688 399 2745 etcum
421 2680 546 2741 bomine
567 2700 698 2763 nequam
722 2681 863 2758 (Alexio)
885 2681 1035 2743 incumbit
1057 2684 1231 2765 negotium:

147 2784 233 2846 cuius
260 2782 455 2865 propositum
487 2790 532 2842 est
551 2800 672 2860 semper
693 2780 811 2856 fallere,
844 2791 876 2842 et
897 2803 1021 2843 omnem
1042 2783 1230 2844 Latinorum

148 2883 306 2944 nationem
326 2902 423 2965 usquc
434 2880 474 2941 ad
485 2890 620 2941 mortem
633 2879 730 2940 modis
744 2880 886 2941 omnibus
908 2884 1070 2963 persequi:
1092 2892 1124 2945 et
1145 2882 1232 2967 quod

149 2982 188 3045 de
208 3005 247 3045 co
278 2990 362 3043 recte
382 2982 531 3057 sentiam,
561 2989 617 3042 tuo
648 2978 816 3062 aliquando
844 2981 1073 3061 approbabitur
1104 2984 1231 3060 iudicio,

148 3082 221 3143 novi
242 3083 324 3145 e'uim
346 3084 540 3143 Graecorum
572 3081 736 3157 malitiam,
759 3090 790 3141 et
810 3079 917 3141 odium
937 3080 1080 3143 adversus
1101 3083 1231 3143 Latino-

148 3204 218 3245 rum
241 3203 355 3245 nomcn
383 3182 524 3264 pertinax
554 3188 586 3243 et
608 3180 805 3243 obstinatum.
826 3181 977 3261 §larana
1018 3182 1231 3243 Veruntamen

147 3282 227 3347 sicut
246 3282 548 3360 circumcidentes)
568 3278 722 3355 subdolus,
742 3290 851 3363 potens
871 3281 1016 3341 simulare
1037 3288 1069 3341 et
1090 3279 1231 3342 dissimu-

149 3382 211 3446 lare
233 3381 439 3466 propositum,
458 3381 552 3442 missis
573 3380 756 3463 quibusdam
776 3380 931 3442 nobilibus
953 3402 988 3442 er
1007 3382 1067 3443 suis
1083 3366 1231 3442 domesti-

147 3483 190 3545 cis
214 3482 253 3543 ad
276 3482 408 3545 cundem
440 3482 543 3543 virum
574 3481 748 3564 egregium,
780 3481 882 3542 verbis
904 3481 1042 3562 pacificis
1062 3480 1090 3543 ei
1109 3481 1230 3542 locutus

147 3582 243 3645 estin
265 3580 362 3659 doto,
395 3590 515 3643 tentans
534 3580 558 3641 si
583 3602 711 3664 quoquo
734 3579 829 3641 modo
861 3602 932 3643 eum
951 3592 1055 3665 posset
1075 3581 1229 3663 decipere.

147 3680 218 3745 Car.
232 3704 293 3743 xiv.
315 3682 374 3743 Hic
395 3680 517 3743 demum
531 3681 648 3763 plenius
668 3682 817 3761 innotuit,
835 3682 921 3764 quod
933 3680 1083 3765 quicquid
1103 3683 1144 3743 eis
1167 3684 1230 3743 lm.

147 3789 277 3865 perator
307 3782 461 3857 (Alexim)
493 3780 698 3864 loquebatur,
728 3780 812 3842 sraus
840 3792 906 3843 erat
934 3791 968 3843 et
991 3766 1231 3843 circumventio.

147 3882 218 3943 Car.
229 3901 288 3941 m.
311 3880 469 3964 Quodque
477 3880 671 3961 Principibus
692 3879 862 3943 liberaliter
880 3881 1057 3943 contulerat
1076 3883 1229 3960 (Alexin)

148 4002 204 4043 nec
225 3980 419 4045 liberalitatis
441 3990 509 4043 emt
539 4002 597 4043 nec
619 3983 753 4063 gratiae,
774 3983 825 4044 sed
854 3982 974 4043 timoris
995 3982 1174 4065 desperati,
1199 3990 1232 4042 et

150 4080 365 4143 fraudulentae
385 4081 547 4146 versutiae.
588 4084 706 4145 Nostris
720 4093 824 4145 autem
842 4085 874 4143 iu
890 4082 1086 4165 simplicitate
1105 4080 1231 4163 spiritus

150 4188 180 4241 et
197 4181 318 4245 sincera
337 4181 400 4245 fide
420 4182 649 4261 incedentibus,
672 4184 721 4245 vir
743 4182 923 4267 persuaderi
941 4190 1068 4267 poterat
1092 4185 1230 4243 Graeco-
