3042 4909
470 353 683 426 ataxrams
711 358 788 423 tra.
815 362 923 428 u.11.
1164 320 1241 409 125

165 510 226 605 ἤδη
243 512 333 599 παρά
356 512 419 576 τάν
440 510 636 594 Κομνηνάν,
655 505 945 592 μετακαλεσάμενός
963 528 1034 573 τινα
1056 507 1119 571 τεόν
1137 524 1247 569 πιστο-

164 622 264 699 τέραν
281 609 627 695 apostatantem,
659 608 882 691 παρεκελεύετο
912 608 966 673 διὰ
986 608 1044 672 τοῦ
1061 604 1174 670 στόλου
1192 600 1248 667 τόν

166 709 369 797 Μελισσηνόν
401 708 538 791 εἰσάγειν
572 709 619 782 εἷς
637 705 679 772 τά
700 711 860 789 darriaco,
892 696 981 796 ᾧτινι
1009 704 1171 771 συνείπετο
1191 706 1247 768 καί
1252 716 1277 769 1)

165 810 346 895 σπαθάριός
370 830 418 883 τις
451 805 534 891 α’νήρ
554 805 784 888 μαχιμώτατος.
831 807 891 891 πρό
920 808 956 872 δὲ
976 806 1036 871 τοῦ
1057 800 1183 891 φθάσαι
1202 802 1249 877 είς

138 909 258 997 saproc
289 906 343 975 τόν
369 904 474 989 λόγον,
495 903 516 988 ἡ
537 908 597 986 μὲν
624 900 714 979 πόλις
733 898 839 986 ἑάλω,
861 904 877 967 ὃ
898 906 933 969 tt
955 898 1177 985 Παλαιολόγος
1194 902 1250 965 tm

165 1012 229 1077 τόν
248 1008 303 1073 ὕπ’
323 1000 424 1071 αότόν
437 999 688 1086 άναλαβόμενος,
707 1004 787 1090 πεζή
807 1000 947 1068 κάτεισιν
968 1002 1012 1078 τίς
1031 1000 1112 1087 πρός
1129 996 1253 1066 θάλασ-

168 1132 232 1175 σαν
252 1104 472 1191 πορευόμενος.
514 1100 694 1187 περιτυχυόν
712 1104 750 1168 dl
768 1124 829 1166 τινι
850 1102 981 1190 α’κατίῳ,
1003 1098 1133 1167 εἴσεισιν
1152 1094 1253 1175 εόθός

169 1210 227 1272 καί
244 1214 308 1281 τοῖς
334 1206 460 1289 ἐρέταις
478 1198 719 1285 παρεκελεύετο,
747 1194 864 1264 όπουό
886 1198 997 1275 στόλος
1018 1197 1094 1263 κατά
1114 1195 1150 1264 τό
1171 1196 1254 1261 elde-

167 1309 284 1387 σμένον
310 1298 551 1389 προσάρμιστο,
581 1300 762 1364 α’πευθῦναι
779 1297 816 1365 τό
837 1297 965 1385 σκάφος.
984 1298 1114 1381 όγγίζοσν
1132 1299 1168 1362 δὲ
1188 1288 1253 1381 ἤδη

121 1430 161 1473 ro
169 1403 252 1489 πρός
275 1402 335 1487 τήν
353 1401 506 1485 περαίαν,
538 1396 601 1486 όρᾷ
616 1398 670 1463 τόν
692 1398 783 1484 παρά
804 1402 862 1464 τοῦ
882 1393 1095 1464 Βυτανειάτον
1116 1389 1253 1460 anoma-

171 1497 267 1570 λόντα
287 1502 338 1588 ἐφ’
360 1493 387 1587 ᾧ
405 1497 459 1563 τόν
472 1496 676 1583 Μελισσηνόν
691 1500 939 1583 διαπεραιῶσαι,
953 1493 1130 1561 vecordior
1143 1494 1291 1577 stirpe-v.
1303 1514 1339 1567 56

168 1605 318 1681 κτίζοντα,
339 1596 396 1663 καὶ
412 1596 467 1663 τόν
486 1594 665 1679 σπαθάριον
685 1594 775 1670 ἐντός
796 1600 873 1677 μιᾶς
890 1596 952 1661 τάν
965 1596 1142 1677 πολεμικῶν
1161 1592 1333 1676 'adanae

168 1698 326 1785 γνωρίσας
349 1690 407 1761 osia
429 1695 529 1762 αότόν
556 1690 734 1779 πόρρωθεν,
753 1694 853 1760 πάλαι
880 1694 1003 1779 συνήθη
1023 1694 1132 1758 τοῦτον
1153 1686 1254 1775 ἔχων,

169 1791 396 1884 παραπλεόσας
423 1798 479 1859 καί
508 1791 689 1878 προσειπών
719 1796 804 1883 αάτρό
832 1791 872 1859 τά
901 1796 1042 1878 συνήθη,
1062 1788 1255 1857 όπννθάνετο

120 1895 247 1968 ιόόθτν
264 1897 319 1960 καί
337 1889 397 1979 όπη
413 1890 601 1976 πορεάεται,
622 1892 679 1959 καί
692 1898 768 1974 μεθ’
784 1888 899 1959 ἑαυτοῦ
919 1892 1137 1975 ἀναλαβέσθαι
1156 1887 1256 1955 osiris

168 1999 271 2082 η’ξιόυ.
315 1992 333 2058 ό
361 1996 396 2059 di
416 1988 594 2076 σπαθάριος
614 1990 732 2077 ξιφήρη
751 1995 863 2057 τοῦτον
883 1990 966 2077 όροῖν
986 1994 1041 2055 καί
1059 1992 1179 2055 aioaldo
1199 2012 1255 2053 rto·

169 2101 322 2178 τέχοντα,
344 2088 507 2167 όειλιάσας
527 2087 608 2177 φησί
625 2088 704 2172 πρός
726 2086 824 2155 αότόν
845 2092 903 2155 “εἰ
919 2088 963 2177 μή
986 2112 1023 2155 σε
1044 2084 1126 2154 odrae
1148 2092 1254 2152 καθω-

169 2194 341 2274 πλισμένον
360 2186 489 2275 ἑάρυν,
510 2190 691 2274 περιχαρεῖς
705 2181 745 2251 όν
768 2190 952 2273 ἔδεξάμην.”
973 2184 991 2253 ό
1013 2191 1049 2255 dl
1070 2186 1157 2271 μάλα
1178 2208 1255 2269 προ-

171 2290 285 2374 θόμοος
315 2288 371 2354 καί
402 2287 457 2373 τήν
483 2288 604 2352 άσπίόα
632 2287 687 2351 καί
716 2286 771 2352 τόν
800 2288 950 2372 ἀκινάκην
980 2286 1035 2352 καί
1052 2283 1111 2369 τήν
1132 2284 1256 2389 κόρηθα

121 2392 356 2457 ποάποθίσθαι
376 2390 571 2467 κατετίθετο,
592 2388 623 2451 εἰ
643 2384 742 2467 μόνον
754 2384 882 2470 θελήσει
894 2390 1005 2452 τοῦτον
1025 2387 1255 2467 ἀναλαβέσθαι.

172 2488 217 2565 ὥς
237 2491 274 2555 δὲ
294 2490 507 2568 καταθέμενον
526 2484 627 2550 αότόν
652 2486 693 2550 τά
723 2480 805 2551 όπλα
833 2486 850 2549 ό
882 2483 1060 2570 σπαθάριος
1080 2484 1254 2564 ἐθεάσατο,

170 2582 428 2676 παρεκεχοσρήκει
456 2587 625 2669 τηνικαῦτα
647 2586 733 2673 αότῷ
749 2588 805 2669 τής
823 2586 869 2661 εἰς
887 2583 923 2649 τό
945 2582 1030 2649 iteca
1044 2589 1151 2648 πλοῖον
1171 2586 1254 2649 εἰσε-

172 2685 328 2784 λεόσεας,
362 2681 418 2749 καί
443 2685 642 2769 περιπλακεὶς
662 2682 877 2769 κατησπάζετο
894 2684 983 2767 μάλα
1000 2684 1191 2768 περιχαρεῖς.
1232 2680 1252 2745 ό

241 2909 267 2946 2.
283 2892 469 2967 θεραπόντων
487 2908 538 2943 om.
562 2892 620 2955 Pl,
648 2891 710 2943 add.
736 2892 783 2944 CG
808 2900 837 2945 et
863 2893 892 2944 ln
919 2896 1038 2963 margine
1058 2896 1085 2949 P.
1206 2891 1255 2950 διά

241 2965 291 3018 τοῦ
308 2964 405 3020 στόλου
433 2980 485 3015 om.
503 2963 559 3025 Pb,
577 2961 637 3013 add
654 2962 701 3014 CG
718 2969 747 3015 et
765 2962 795 3013 in
811 2963 931 3031 margine
949 2966 975 3017 Ρ.
1080 2980 1107 3034 9.
1128 2964 1255 3034 darnart.

243 3054 294 3093 ναι
310 3037 338 3089 Ρ.
419 3052 458 3090 ιο.
475 3038 593 3107 κεραίαν
611 3032 688 3086 CGA.
795 3046 837 3083 as.
857 3028 943 3089 αὐτόν
961 3050 1013 3085 om.
1030 3033 1063 3085 G.

175 3202 332 3268 Comanis,
352 3204 401 3255 uni
414 3220 429 3255 e
446 3203 582 3256 fidissimis
592 3200 755 3255 administris
766 3202 916 3268 mandavit,
935 3210 966 3257 ut
981 3202 1153 3256 Melissenum
1172 3204 1256 3258 classe

175 3275 204 3325 iu
221 3275 318 3342 regiam
336 3273 496 3340 adducerem
516 3274 694 3325 comitabatur
713 3290 775 3325 eum
793 3273 943 3344 spatharius
962 3274 1071 3345 quidam
1090 3274 1256 3327 fortissimus.

173 3352 203 3395 at
218 3347 372 3415 priusquam
398 3346 558 3415 imperatum
576 3345 668 3413 perfici
685 3352 794 3413 posset,
820 3344 884 3395 urbs
902 3345 1015 3415 capitur.
1033 3362 1063 3397 ao
1083 3345 1256 3413 palaeologus
1310 3400 1314 3411 ,

175 3414 302 3485 quidm,
321 3432 375 3465 uno
403 3416 492 3467 esuis
510 3422 644 3477 assumto,
675 3414 710 3464 ad
726 3430 799 3465 maro
817 3414 934 3484 pedibus
953 3414 1100 3469 descendit.
1128 3415 1176 3468 ubi
1196 3432 1256 3469 cum

175 3486 325 3536 naviculam
336 3486 490 3548 invenisset,
507 3485 597 3538 statim
610 3501 642 3535 ea
652 3500 806 3545 conscensa,
822 3486 933 3553 remiges
951 3495 1022 3539 recta
1037 3486 1066 3538 in
1086 3486 1174 3537 locum
1192 3486 1256 3539 vehi

176 3554 262 3618 iubet,
279 3555 326 3605 ubi
341 3556 431 3607 classis
441 3574 489 3627 pro
502 3572 577 3607 moro
596 3556 738 3607 stationem
753 3554 880 3608 babebat.
896 3558 1004 3627 iamque
1021 3553 1257 3627 appropinquabat

176 3624 300 3676 ulteriori
318 3626 408 3695 ripae,
425 3644 484 3677 cum
499 3628 593 3690 illum,
611 3626 659 3695 qui
678 3642 694 3675 a
711 3627 851 3677 Botauiate
876 3626 910 3677 ad
928 3628 1101 3679 Melisseaum
1120 3643 1257 3679 arcessen-

176 3695 240 3746 dum
257 3697 352 3748 missus
380 3705 452 3759 erat,
468 3698 579 3748 classem
605 3695 794 3765 expedientem
818 3699 970 3766 conspexit3
996 3696 1148 3768 spatharius
1169 3714 1222 3749 una
1239 3716 1256 3751 e

176 3766 290 3818 naribus
308 3765 414 3818 bellicis
427 3766 583 3818 vehebatur.
602 3782 682 3835 quem
702 3767 842 3818 simulate
863 3767 955 3835 longin
975 3784 1010 3818 uo
1031 3767 1164 3837 cognorit,
1182 3768 1256 3837 (nam

177 3836 316 3888 familiaris
333 3838 392 3887 eius
411 3837 478 3888 olim
496 3836 581 3906 erat‚)
605 3836 777 3904 adnavigavit
796 3845 824 3889 et
846 3838 933 3890 salute
953 3784 1039 3902 (licta,
1060 3854 1120 3889 cum
1137 3838 1258 3892 undeet

176 3921 232 3975 quo
248 3907 463 3976 proficisceretur
475 3912 647 3977 percontatus
667 3916 753 3969 esset,
773 3909 894 3975 rogarit‚·
908 3914 940 3959 ut
954 3924 982 3959 se
1001 3909 1030 3959 in
1046 3924 1141 3961 narem
1159 3910 1258 3963 admit-

176 3984 254 4028 teret
273 3977 322 4029 sed
339 3977 508 4047 spatharius,
532 3977 579 4045 qui
597 3992 657 4027 eum
686 3987 760 4028 scuto
779 3976 923 4047 gladioque
941 3978 1100 4031 instructum
1118 3981 1258 4051 conspice-

177 4055 227 4110 ret,
247 4056 321 4099 meto
339 4052 466 4112 affectus,
483 4046 638 4110 “libenter‚
662 4047 759 4117 inquit,
779 4050 937 4119 exciperem,
959 4048 1012 4100 nisi
1029 4056 1057 4102 te
1077 4050 1196 4101 viderem
1214 4068 1258 4102 ar-

177 4119 304 4168 matum.''
335 4120 383 4169 ille
409 4122 468 4171 sine
487 4116 682 4169 detrectatione
707 4126 830 4187 paratum
859 4134 887 4169 so
914 4119 1034 4171 ostendit
1057 4130 1085 4173 et
1106 4130 1210 4172 scutum
1231 4128 1259 4172 et

178 4188 295 4255 gladium
314 4196 341 4240 et
360 4188 463 4257 galeam
481 4186 634 4257 deponere,
664 4187 745 4239 modo
762 4189 791 4240 in
809 4204 903 4241 navem
921 4205 949 4241 se
969 4190 1087 4260 recipere
1105 4192 1196 4243 vellet.
1214 4198 1259 4241 at-

179 4272 232 4327 que
256 4257 305 4311 ubi
329 4276 402 4313 arrae
427 4278 489 4313 eum
506 4256 656 4330 spatharius
685 4258 808 4328 posuisse
831 4258 915 4326 vidit,
941 4260 970 4312 in
986 4278 1081 4316 navem
1105 4260 1213 4313 admisit
1230 4268 1259 4312 et
