3042 4909
315 301 393 402 ado
643 326 781 391 ιιιιιιιι
808 322 1029 390 σοιιιιιιιλι

225 486 253 541 P.
265 470 508 561 ploinoeyyilieov
540 472 639 539 πολλοὶ
670 478 724 539 καί
753 472 902 548 πολλάκις
931 474 1067 537 ἐπαινῶν
1096 471 1204 553 αύτήν.
1248 466 1302 533 καί
1322 466 1393 548 γὰρ

306 569 346 661 ἦν
363 572 502 659 εύμηκης
528 578 588 655 μὲν
617 572 676 659 την
703 574 829 659 ἡλικίαν
860 570 1003 655 καθάπερ
1025 570 1045 653 ἦ
1066 569 1268 653 κυπάριττος,
1291 562 1394 644 λευκὴ

308 676 344 738 δὲ
363 670 399 738 τύ
419 677 513 755 σῶμα
533 673 611 738 ὡσοὶ
634 670 736 755 χιούν,
767 671 935 757 πρόσοικον
965 670 1078 735 κύκλον
1097 672 1156 750 μὲν
1174 668 1231 731 ούκ
1250 668 1391 747 αἰιιιρτύ-

307 776 378 853 ζον,
403 770 438 837 τὸ
461 774 497 835 di
512 775 631 855 χρῶμα
656 774 695 835 δι’
719 766 795 835 dicu
814 764 911 846 ὄνθος
942 768 1051 853 ἠρινόν
1072 762 1092 851 ἢ
1116 766 1212 851 ῥόδον
1232 758 1391 849 ἄντικρυς.

658 894 702 933 ων
725 868 825 952 αύγάς
844 872 892 943 τίς
912 866 1088 952 ἀνθρώπων
1108 870 1245 944 dietum,-
1283 863 1426 947 ύφρῦς5

306 970 578 1055 ύιιερανεστηκοῖα
599 968 655 1032 καὶ
672 966 795 1053 sopori,
818 968 945 1049 βλέμμα
963 966 1114 1050 χαροπόν.
1137 963 1306 1049 ζωγράφον
1327 962 1392 1041 μὲν

307 1062 365 1132 ούν
381 1067 453 1152 χεὶρ
474 1068 515 1132 τὰ
535 1069 693 1151 χρώματα
709 1069 773 1133 τοῖν
791 1068 914 1131 α’νθὲοον
935 1063 1083 1139 πολλάκις
1104 1066 1291 1147 ἐμιμήσατο,
1313 1058 1392 1124 dud-

307 1191 350 1232 σα
371 1160 454 1249 ὧραι
473 1170 585 1253 φέρειν
605 1165 761 1243 εἰώθασι,
795 1162 829 1231 τύ
851 1167 886 1230 δὲ
905 1164 961 1247 τῆς
979 1164 1143 1246 βασιλύύος
1161 1161 1272 1239 κάλλος
1293 1162 1349 1226 καί
1367 1157 1393 1242 ἦ

307 1266 530 1347 ἕκιλύμιιοοσα
558 1268 642 1353 αὐτῇ
660 1264 757 1351 χάρις
787 1268 843 1329 καί
861 1262 895 1330 τὸ
915 1268 977 1330 τῶν
995 1264 1085 1349 rideris
1102 1258 1262 1347 ἐπαγωγόν
1282 1264 1395 1325 τεκαί

307 1358 423 1448 εὔχαρι
446 1361 526 1446 ύκὲρ
545 1360 712 1446 λόγονκαὶ
731 1367 844 1447 τέχνην
864 1364 1029 1451 ἐφαίνετο·
1085 1363 1142 1427 ούκ
1160 1362 1331 1446 Ἀπελλῆς,
1351 1360 1392 1425 ού
1407 1382 1450 1423 ιο

310 1466 463 1544 Φειδίας,
485 1463 561 1527 eddi
581 1486 631 1537 τις
664 1465 726 1527 ταῖν
747 1463 1010 1547 ἀγαλματοποιῶν
1023 1458 1167 1527 τοιούτύν
1188 1484 1264 1526 ποτε
1287 1457 1392 1544 καρη-

308 1584 403 1644 γαγεν
417 1552 552 1645 ἇγαλμα.
574 1564 630 1625 καί
652 1558 745 1646 ἡμὲν
765 1566 820 1645 τῆς
837 1554 979 1648 Γοργούς
1005 1560 1127 1647 κεφαλὴ
1151 1564 1262 1635 λίθους
1283 1562 1317 1637 ἐξ
1334 1560 1393 1623 α’ν-

280 1661 447 1746 Βθρούιιων
465 1659 541 1736 τούς
558 1659 697 1747 ὁρῶντας
711 1663 829 1745 ἐποίει,
851 1660 895 1737 ιύς
918 1663 1048 1744 λέγεται,
1062 1660 1120 1743 τὴν
1139 1660 1175 1723 δὲ
1195 1657 1272 1725 ἰδών
1292 1652 1332 1723 ἄν
1343 1682 1394 1733 τις

308 1764 501 1844 βαδίζουσαν
520 1756 542 1847 ἢ
562 1759 679 1847 αἴφνης
698 1760 893 1836 ύιιαντιύσας
915 1761 1054 1844 ἐκιχὴνει
1076 1783 1109 1825 τι
1127 1761 1183 1823 καί
1201 1760 1255 1822 ἐπὶ
1273 1760 1396 1822 redeosi

307 1860 488 1944 σχήματος,
517 1862 568 1947 ἐφ’
591 1852 618 1950 ᾧ
649 1858 762 1942 ἔτυχεν
782 1850 843 1942 οἷν,
867 1858 976 1923 ἵστατο
996 1857 1113 1941 ε’νντύς,
1137 1857 1180 1933 ὥς
1202 1857 1394 1943 ἀφῃρῆσθαι
1408 1861 1450 1922 ι5

308 1963 477 2044 τηνικαῦτα
508 1963 611 2025 δοκεῖν
639 1960 695 2024 καί
716 1958 829 2043 ψυχὴν
859 1956 914 2022 κατ’
940 1954 1097 2023 διάνοιαν.
1141 1960 1310 2039 α’νολογιάν
1332 1952 1394 2040 γὰρ

308 2056 457 2144 τοιαύτην
475 2063 581 2139 μελῶν
601 2062 658 2123 καί
675 2060 792 2143 μερῶν,
814 2060 871 2121 τού
891 2048 969 2121 ύλοο
990 2056 1070 2141 ιιρός
1087 2055 1124 2121 τοὶ
1149 2060 1230 2141 μέρη
1251 2054 1305 2119 καί
1322 2056 1396 2119 τού·

309 2182 374 2223 των
405 2157 486 2242 πρὸς
518 2155 553 2223 τὰ
585 2153 678 2240 dior,
713 2156 817 2231 ούιλείς
844 2154 968 2220 eddium
1000 2156 1146 2239 τοιαύτην
1167 2158 1200 2219 ἐν
1221 2154 1396 2239 α’νθριύιιοο

309 2257 435 2337 σοι’ματι
456 2254 624 2322 ἐθεάσατο·
677 2249 805 2340 ἄγαλμα
827 2254 972 2337 ἔμψυχον
991 2252 1047 2319 καί
1066 2253 1245 2337 α’νθριύιιοις
1267 2251 1397 2339 φιλοκά-

310 2362 378 2431 λαις
394 2357 563 2439 ’ἐράσμιον
621 2350 746 2439 Ἵμερος
775 2352 836 2437 γὰρ
857 2347 1005 2437 ἄντικρυς
1040 2346 1080 2439 ἦν
1099 2356 1308 2432 σωματωθτίς
1329 2346 1449 2418 aionas

311 2458 358 2531 εἰς
374 2453 464 2520 τόνδε
496 2454 551 2521 τὸν
572 2458 728 2542 ιιιρύγειον
747 2452 872 2534 κόσμον.
921 2448 1042 2527 τούτοις
1063 2445 1120 2517 οὖν
1141 2449 1158 2514 ὅ
1182 2461 1297 2535 καῖσαρ
1319 2476 1395 2534 συγ·

284 2572 306 2626 c
311 2556 509 2640 χρησάμενος
534 2553 618 2634 τότε,
650 2550 706 2636 την
728 2554 789 2615 τού
813 2553 969 2631 βασιλέως
992 2556 1226 2634 καταμαλάττιι
1255 2551 1312 2617 καὶ
1326 2575 1396 2634 χιι-

381 2730 407 2782 3.
426 2728 494 2780 desi
512 2726 547 2790 C,
567 2725 636 2793 sieri
657 2726 711 2779 PG.
801 2727 890 2799 κύκλῳ
908 2727 940 2779 G.
1037 2729 1060 2796 4.
1074 2727 1163 2789 ἄνθος
1179 2664 1234 2779 οιιύ
1249 2728 1281 2781 G.
1368 2730 1395 2779 6,

383 2796 536 2882 ζωγράφος
551 2796 579 2849 C·
683 2816 706 2868 7.
724 2790 759 2881 fd
775 2798 911 2871 χρώματα
929 2816 982 2850 om.
1001 2799 1033 2851 G.
1155 2799 1343 2872 ἐπιμιμὴσατσ
1361 2801 1395 2850 G.

381 2886 408 2937 q
425 2867 514 2934 αύιην
531 2868 560 2920 C.
633 2870 672 2923 13.
688 2885 754 2929 τους
770 2868 895 2940 ὁρῶντας
912 2872 941 2932 ἐξ
957 2868 1120 2941 ἀνθρώπων
1137 2872 1169 2923 G.
1242 2870 1272 2925 dd
1289 2890 1295 2921 ι
1313 2886 1343 2923 se
1362 2870 1395 2921 G.

385 2942 425 3008 ¹⁴·
446 2938 627 3001 ύιιαντιώσας
643 2939 672 2992 C·
764 2944 802 2996 ιλ.
819 2942 921 3007 ταύτην
937 2940 969 2991 G.
1051 2958 1092 2997 as.
1110 2946 1254 3013 nsptyuor
1273 2958 1324 2993 om.
1341 2940 1397 2993 CG.

314 3086 343 3130 et
359 3078 477 3147 corporis
504 3084 674 3129 venustatem
699 3078 815 3129 multum
833 3077 1015 3149 praedicabat,
1040 3096 1091 3131 uec
1113 3097 1172 3131 raro
1193 3078 1318 3131 laudibus
1337 3096 1397 3133 earn

314 3148 475 3200 extollebat
495 3164 527 3198 ac
547 3164 611 3199 sane
631 3162 744 3217 procera
774 3156 832 3199 erat
849 3157 967 3212 statura,
990 3150 1216 3218 quemadmodum
1234 3151 1397 3219 cyparissus,

314 3236 427 3288 corpore
450 3218 582 3280 candido,
610 3226 643 3268 ut
663 3219 723 3284 σὴς
750 3218 833 3271 facies
860 3236 915 3271 non
934 3218 1027 3272 orbem
1054 3220 1165 3290 quidem
1185 3222 1322 3284 reserens,
1349 3220 1397 3272 sed

314 3300 404 3342 tumen
422 3288 513 3340 colore
542 3288 615 3339 floris
631 3290 706 3340 verni
724 3289 769 3342 rel
790 3306 865 3341 rosae
883 3307 1004 3359 οισι-σοις
1032 3294 1172 3345 oculorum
1191 3293 1322 3361 fulgorem
1339 3292 1400 3361 quis

315 3358 469 3412 describat?
487 3358 630 3428 supercilia
658 3358 714 3411 alte
735 3368 844 3411 curvata
869 3369 897 3412 ct
914 3359 1012 3425 rutila3
1039 3363 1110 3414 acies
1139 3365 1268 3415 caerulea.
1305 3362 1400 3413 florum

317 3431 429 3500 quidem
454 3430 572 3491 colores,
608 3438 744 3499 quotquot
760 3438 913 3501 temporum
931 3431 1131 3485 vicissitudines
1151 3434 1221 3485 serre
1240 3434 1341 3496 solent,
1358 3432 1401 3501 pi-

316 3503 399 3554 ctoris
417 3517 497 3569 saepe
516 3501 623 3551 imitata
651 3508 694 3551 est
724 3518 833 3568 menum
860 3511 888 3554 at
912 3503 1089 3572 imperatricis
1108 3494 1298 3573 pulchritudo,
1318 3502 1401 3555 resul-

318 3588 438 3641 gensque
463 3588 496 3622 ex
513 3586 560 3621 ore
586 3578 712 3622 venustas
748 3579 778 3623 et
794 3589 895 3624 morum
912 3576 1029 3625 suaviter
1056 3592 1087 3626 ac
1113 3578 1198 3643 gratia
1223 3592 1328 3625 omnem
1354 3573 1402 3625 de·

318 3644 494 3712 scriptionem
522 3648 662 3710 artemque
685 3642 864 3711 superabant;
883 3660 973 3713 neque
995 3646 1120 3713 Apelles,
1137 3663 1187 3697 nec
1210 3646 1330 3707 Phidias,
1353 3662 1404 3695 nec

319 3713 393 3765 ullus
413 3728 532 3782 unquam
550 3712 695 3764 statuarius
714 3714 797 3764 talem
812 3715 957 3783 imaginem
978 3716 1064 3768 fiuxit.
1100 3717 1232 3785 Gorgonis
1250 3718 1343 3767 ferunt
1359 3731 1404 3766 ca·

321 3791 373 3851 put
399 3784 428 3833 in
453 3800 515 3834 saxa
543 3782 667 3835 homiues
689 3786 868 3849 convertisse,
893 3786 941 3854 qui
958 3786 1045 3855 ipsum
1064 3787 1250 3857 adspicerent;
1268 3786 1337 3839 hanc
1355 3786 1403 3855 qui

320 3852 494 3904 incedentem
520 3854 624 3905 videret
650 3854 692 3906 vel
717 3856 813 3906 obvius
830 3854 921 3907 subito
940 3856 1034 3921 fieret,
1054 3858 1197 3929 obstupuit
1217 3866 1245 3909 et
1262 3874 1316 3927 quo
1334 3857 1404 3907 forte

324 3922 420 3973 habitu
439 3932 509 3985 erat,
536 3926 653 3992 elinguis
673 3924 794 3988 adstitit,
812 3934 843 3977 ut
861 3934 890 3977 et
907 3928 996 3979 anima
1017 3936 1045 3979 et
1062 3946 1140 3979 sensu
1159 3930 1281 3999 privatus
1298 3926 1404 3979 videre-

325 4003 388 4056 tur3
405 3995 508 4044 tantam
538 4004 567 4047 et
584 3997 668 4047 totius
693 3996 813 4064 corporis
842 4012 902 4047 crim
921 3998 1033 4067 singulis
1051 3999 1176 4051 membris
1196 4008 1224 4051 et
1241 3998 1404 4067 singularum

321 4064 440 4135 partium
459 4081 519 4114 cum
536 4073 594 4117 toto
612 4067 827 4118 convenientiam
844 4084 923 4118 nemo
942 4086 1061 4139 unquam
1079 4072 1108 4121 in
1126 4070 1243 4121 humano
1260 4068 1329 4121 vidit
1346 4084 1406 4117 cor-

344 4144 408 4189 ore.'
432 4131 605 4186 simulacrum
637 4146 696 4189 erat
716 4138 807 4188 vivum
839 4136 1055 4211 hominumque,
1079 4142 1126 4211 qui
1158 4140 1265 4210 pulchri
1300 4154 1406 4191 sensum

322 4150 475 4269 deberent,
492 4222 610 4259 amorem
630 4210 659 4260 in
691 4224 719 4261 ee
737 4216 912 4274 convertens,
938 4211 983 4265 vel
1002 4210 1092 4281 potius
1108 4210 1188 4265 Amos
1205 4212 1278 4281 ipse,
1296 4208 1407 4263 indutus
