3042 4909
467 861 732 956 PETRI
782 855 1116 951 POSSINI

370 1066 722 1139 naorcnrro
762 1064 834 1131 nr
867 1061 1233 1134 aaaarnrro.

698 1238 893 1257 *hu—*-

460 1360 667 1419 AMPLISSIMO
692 1357 1030 1431 ILLUSTRISSIMOQUE
1054 1357 1140 1411 vnto

737 1516 777 1578 D.
819 1514 862 1576 D.

302 1683 630 1779 PETRO
690 1683 1300 1795 SEGUIERIO‚

540 1882 736 1948 ananum
769 1882 1060 1949 carantomo.

686 2056 905 2071 Μ

259 2192 348 2285 Non
370 2233 439 2306 eget
461 2224 544 2306 apud
556 2224 601 2286 Te
624 2222 749 2308 quidem
770 2225 945 2305 interprete
965 2231 1099 2284 vetustas
1112 2222 1185 2299 ulla,
1206 2232 1258 2283 aut
1275 2243 1353 2283 eru-

261 2330 398 2392 ditarum
423 2331 546 2393 litterae
559 2332 720 2394 Gentium:
742 2331 859 2390 Tamen
879 2328 956 2391 hoec
976 2332 1116 2391 Graecae
1134 2331 1281 2413 Princeps
1301 2329 1352 2390 sa-

263 2440 394 2503 cundiae
415 2440 502 2502 cuius
521 2461 594 2502 arce
615 2439 742 2523 dignum
762 2439 851 2520 Opus
873 2460 890 2500 e
911 2439 1048 2500 tenebris
1068 2440 1100 2499 in
1122 2439 1222 2501 locem
1242 2438 1351 2522 publi-

262 2570 329 2609 cam
353 2569 436 2609 nunc
456 2548 598 2630 emergit,
619 2568 670 2607 me
690 2545 897 2628 interpretem
925 2547 1009 2629 apud
1030 2556 1062 2609 te
1084 2548 1171 2611 iubet
1188 2570 1268 2627 esse,
1287 2570 1353 2609 non

262 2656 412 2717 orationis
428 2665 514 2717 certe
535 2663 588 2714 out
600 2655 749 2717 sermonis
770 2655 826 2732 sui,
839 2656 894 2716 ubi
910 2656 986 2716 nihil
998 2656 1169 2719 eruditioni
1191 2667 1262 2719 tuae
1283 2677 1348 2717 non

263 2765 406 2847 pervium
427 2770 489 2837 est,
514 2763 567 2825 sed
586 2762 680 2823 animi
701 2765 782 2846 grati
802 2774 898 2847 atque
913 2764 1019 2841 officii,
1041 2786 1176 2848 quorum
1198 2766 1353 2847 significa.

264 2874 363 2935 tiones
380 2892 541 2956 nunquam
556 2872 626 2933 satis
646 2894 780 2957 magnos,
792 2871 926 2957 satisque
941 2871 989 2934 vel
1005 2880 1061 2932 tuo
1076 2874 1205 2952 merito,
1218 2871 1267 2933 vel
1279 2894 1353 2933 suae

267 2979 422 3042 voluntati
442 2979 662 3062 respondentes
678 2982 771 3043 edere
784 3002 817 3041 se
830 2980 904 3042 ullas
926 2990 1017 3061 putat
1037 3001 1134 3063 posse,
1157 2980 1355 3063 quantumvis

265 3091 437 3151 accumulet
456 3088 616 3171 plurimas.
670 3094 757 3150 Anna
788 3108 825 3149 ea
847 3096 892 3149 est
913 3088 1080 3165 Comaeno,
1113 3090 1230 3149 decima
1250 3092 1354 3149 Musa.

266 3218 348 3274 rom,
370 3205 401 3257 et
413 3196 512 3258 Pallas
538 3195 687 3279 quaedam
708 3196 895 3280 Byzantinae
923 3197 1082 3272 Graeciae,
1105 3196 1190 3256 cuius
1210 3196 1356 3279 Porphy-

267 3305 428 3387 rogenitae
448 3302 520 3365 licet
541 3323 576 3364 ac
599 3304 827 3385 primogenitae
854 3302 1045 3364 moderantis
1065 3305 1176 3366 orbem
1195 3304 1356 3385 Principis,

267 3413 290 3473 si
313 3414 380 3495 quis
404 3410 518 3495 ingenii
550 3431 624 3493 opas
655 3413 813 3489 aestimet,
836 3411 987 3494 Augustos
1008 3412 1136 3490 natales,
1159 3420 1254 3495 atque
1273 3412 1356 3473 illam

268 3541 418 3581 cunarum
438 3540 615 3602 purpuram
637 3520 668 3580 in
689 3519 822 3581 minimis
841 3518 1030 3581 ornamentis
1046 3522 1233 3582 numerabit.
1274 3520 1356 3579 Haec

269 3627 380 3688 nullius
403 3627 596 3691 eruditarum
613 3628 699 3691 rudis
720 3629 853 3707 artium,
875 3627 1060 3709 praesertim
1081 3640 1186 3690 autem
1195 3628 1357 3709 Eloquen-

269 3735 330 3796 tiae
350 3734 507 3809 consulta;
528 3736 683 3822 religionis
705 3756 831 3819 quoque
864 3736 1006 3797 omnibus
1033 3746 1064 3798 et
1084 3736 1281 3797 humanitatis
1301 3734 1358 3796 eli.

269 3852 350 3905 mata
373 3842 496 3918 officiis3
518 3867 554 3906 ac
576 3844 708 3907 collectis
731 3846 766 3906 iis
781 3846 898 3906 cunctis
911 3842 974 3905 una
996 3845 1111 3907 florens
1132 3843 1258 3906 dotibus
1278 3865 1358 3927 quae

271 3952 414 4013 omnihus
443 3950 603 4015 absolvere
630 3954 762 4014 numeris
792 3975 855 4014 non
878 3953 1003 4035 Regiam
1024 3954 1203 4013 lllatronam
1224 3950 1357 4033 quamli-

270 4060 336 4142 bet,
357 4060 409 4124 sed
430 4082 497 4124 eam
517 4070 643 4145 possent
664 4084 757 4149 quam
777 4063 825 4126 sui
846 4061 915 4125 aevi
929 4062 1115 4126 miraculum
1131 4060 1200 4123 iure
1223 4060 1351 4131 diceres;
