<?xml version="1.0" encoding="UTF-8"?>
<!DOCTYPE html PUBLIC "-//W3C//DTD XHTML 1.0 Transitional//EN"
    "http://www.w3.org/TR/xhtml1/DTD/xhtml1-transitional.dtd">
<html xmlns="http://www.w3.org/1999/xhtml" xml:lang="en" lang="en">
 <head>
  <title>
</title>
<meta http-equiv="Content-Type" content="text/html;charset=utf-8" />
  <meta name='ocr-system' content='tesseract 3.04.00' />
  <meta name='ocr-capabilities' content='ocr_page ocr_carea ocr_par ocr_line ocrx_word'/>
</head>
<body>
  <div class='ocr_page' id='page_1' title='image "./corpusscriptoru63theogoog/corpusscriptoru63theogoog_0021.png"; bbox 0 0 3042 4909; ppageno 0'>
   <div class='ocr_carea' id='block_1_1' title="bbox 530 330 1193 397">
    <p class='ocr_par' dir='ltr' id='par_1_1' title="bbox 530 330 1193 397">
     <span class='ocr_line' id='line_1_1' title="bbox 530 330 1193 397; baseline 0.005 -3"><span class='ocrx_word' id='word_1_1' title='bbox 530 330 771 395; x_wconf 77' lang='lat' dir='ltr'><strong>PRAEFATIO.</strong></span> <span class='ocrx_word' id='word_1_2' title='bbox 1125 336 1193 397; x_wconf 84' lang='lat' dir='ltr'><strong>xlx</strong></span> 
     </span>
    </p>
   </div>
   <div class='ocr_carea' id='block_1_2' title="bbox 9 466 1202 2672">
    <p class='ocr_par' dir='ltr' id='par_1_2' title="bbox 9 466 1202 2672">
     <span class='ocr_line' id='line_1_2' title="bbox 94 466 1193 573; baseline 0.001 -30"><span class='ocrx_word' id='word_1_3' title='bbox 94 466 353 568; x_wconf 78' lang='lat' dir='ltr'><strong>magnitudine</strong></span> <span class='ocrx_word' id='word_1_4' title='bbox 377 468 480 541; x_wconf 85' lang='lat' dir='ltr'><strong>laeile</strong></span> <span class='ocrx_word' id='word_1_5' title='bbox 494 470 604 569; x_wconf 90' lang='lat' dir='ltr'><strong>triplo</strong></span> <span class='ocrx_word' id='word_1_6' title='bbox 619 474 749 545; x_wconf 88' lang='lat' dir='ltr'><strong>maiori</strong></span> <span class='ocrx_word' id='word_1_7' title='bbox 772 486 835 544; x_wconf 88' lang='lat' dir='ltr'><strong>est.</strong></span> <span class='ocrx_word' id='word_1_8' title='bbox 861 474 1003 551; x_wconf 85' lang='lat' dir='ltr'><strong>Etenim</strong></span> <span class='ocrx_word' id='word_1_9' title='bbox 1028 475 1094 571; x_wconf 90' lang='lat' dir='ltr'><strong>qni</strong></span> <span class='ocrx_word' id='word_1_10' title='bbox 1106 474 1193 573; x_wconf 78' lang='lat' dir='ltr'><strong>lipi-</strong></span> 
     </span>
     <span class='ocr_line' id='line_1_3' title="bbox 92 594 1194 691; baseline 0.004 -24"><span class='ocrx_word' id='word_1_11' title='bbox 92 612 229 668; x_wconf 90' lang='lat' dir='ltr'><strong>tomen</strong></span> <span class='ocrx_word' id='word_1_12' title='bbox 254 594 406 691; x_wconf 83' lang='lat' dir='ltr'><strong>pararit,</strong></span> <span class='ocrx_word' id='word_1_13' title='bbox 434 619 510 667; x_wconf 89' lang='lat' dir='ltr'><strong>uon</strong></span> <span class='ocrx_word' id='word_1_14' title='bbox 535 597 666 691; x_wconf 91' lang='lat' dir='ltr'><strong>solum,</strong></span> <span class='ocrx_word' id='word_1_15' title='bbox 690 610 732 667; x_wconf 90' lang='lat' dir='ltr'><strong>ut</strong></span> <span class='ocrx_word' id='word_1_16' title='bbox 755 596 963 669; x_wconf 79' lang='lat' dir='ltr'><strong>Alexiadem</strong></span> <span class='ocrx_word' id='word_1_17' title='bbox 989 599 1028 670; x_wconf 94' lang='lat' dir='ltr'><strong>in</strong></span> <span class='ocrx_word' id='word_1_18' title='bbox 1049 599 1194 671; x_wconf 86' lang='lat' dir='ltr'><strong>brevius</strong></span> 
     </span>
     <span class='ocr_line' id='line_1_4' title="bbox 92 718 1193 819; baseline 0.004 -28"><span class='ocrx_word' id='word_1_19' title='bbox 92 720 353 813; x_wconf 85' lang='lat' dir='ltr'><strong>contraheret,</strong></span> <span class='ocrx_word' id='word_1_20' title='bbox 379 743 528 815; x_wconf 84' lang='lat' dir='ltr'>operam</span> <span class='ocrx_word' id='word_1_21' title='bbox 555 718 677 814; x_wconf 81' lang='lat' dir='ltr'><strong>dedit,</strong></span> <span class='ocrx_word' id='word_1_22' title='bbox 701 720 768 794; x_wconf 90' lang='lat' dir='ltr'><strong>sed</strong></span> <span class='ocrx_word' id='word_1_23' title='bbox 791 722 906 795; x_wconf 90' lang='lat' dir='ltr'><strong>multo</strong></span> <span class='ocrx_word' id='word_1_24' title='bbox 931 722 1057 819; x_wconf 84' lang='lat' dir='ltr'><strong>magis,</strong></span> <span class='ocrx_word' id='word_1_25' title='bbox 1079 736 1122 794; x_wconf 85' lang='lat' dir='ltr'><strong>ut</strong></span> <span class='ocrx_word' id='word_1_26' title='bbox 1144 748 1193 795; x_wconf 88' lang='lat' dir='ltr'><strong>ne</strong></span> 
     </span>
     <span class='ocr_line' id='line_1_5' title="bbox 93 842 1194 941; baseline 0.002 -26"><span class='ocrx_word' id='word_1_27' title='bbox 93 843 194 940; x_wconf 91' lang='lat' dir='ltr'><strong>quid</strong></span> <span class='ocrx_word' id='word_1_28' title='bbox 215 856 435 939; x_wconf 75' lang='lat' dir='ltr'><strong>excerperet,</strong></span> <span class='ocrx_word' id='word_1_29' title='bbox 459 842 562 939; x_wconf 91' lang='lat' dir='ltr'><strong>quod</strong></span> <span class='ocrx_word' id='word_1_30' title='bbox 583 845 761 918; x_wconf 83' lang='lat' dir='ltr'><strong>lectorum</strong></span> <span class='ocrx_word' id='word_1_31' title='bbox 786 870 916 941; x_wconf 89' lang='lat' dir='ltr'><strong>parum</strong></span> <span class='ocrx_word' id='word_1_32' title='bbox 941 846 1114 918; x_wconf 77' lang='lat' dir='ltr'><strong>interfore</strong></span> <span class='ocrx_word' id='word_1_33' title='bbox 1139 848 1194 917; x_wconf 81' lang='lat' dir='ltr'><strong>vi-</strong></span> 
     </span>
     <span class='ocr_line' id='line_1_6' title="bbox 94 966 1196 1066; baseline 0.002 -27"><span class='ocrx_word' id='word_1_34' title='bbox 94 968 259 1039; x_wconf 88' lang='lat' dir='ltr'><strong>deretur.</strong></span> <span class='ocrx_word' id='word_1_35' title='bbox 319 971 446 1063; x_wconf 86' lang='lat' dir='ltr'><strong>ltaque</strong></span> <span class='ocrx_word' id='word_1_36' title='bbox 489 982 565 1039; x_wconf 87' lang='lat' dir='ltr'><strong>tota</strong></span> <span class='ocrx_word' id='word_1_37' title='bbox 600 966 756 1041; x_wconf 85' lang='lat' dir='ltr'><strong>subinde</strong></span> <span class='ocrx_word' id='word_1_38' title='bbox 796 969 915 1066; x_wconf 89' lang='lat' dir='ltr'><strong>capita</strong></span> <span class='ocrx_word' id='word_1_39' title='bbox 952 971 1128 1065; x_wconf 80' lang='lat' dir='ltr'><strong>resecuit,</strong></span> <span class='ocrx_word' id='word_1_40' title='bbox 1159 984 1196 1041; x_wconf 88' lang='lat' dir='ltr'><strong>et</strong></span> 
     </span>
     <span class='ocr_line' id='line_1_7' title="bbox 99 1088 1196 1191; baseline 0.002 -28"><span class='ocrx_word' id='word_1_41' title='bbox 99 1092 305 1187; x_wconf 79' lang='lat' dir='ltr'><strong>quominus</strong></span> <span class='ocrx_word' id='word_1_42' title='bbox 347 1088 528 1185; x_wconf 84' lang='lat' dir='ltr'><strong>delectus,</strong></span> <span class='ocrx_word' id='word_1_43' title='bbox 564 1092 689 1163; x_wconf 82' lang='lat' dir='ltr'><strong>hiante</strong></span> <span class='ocrx_word' id='word_1_44' title='bbox 739 1093 924 1188; x_wconf 86' lang='lat' dir='ltr'><strong>oratione,</strong></span> <span class='ocrx_word' id='word_1_45' title='bbox 962 1108 1196 1191; x_wconf 81' lang='lat' dir='ltr'><strong>apparerent,</strong></span> 
     </span>
     <span class='ocr_line' id='line_1_8' title="bbox 95 1213 1195 1312; baseline 0.005 -29"><span class='ocrx_word' id='word_1_46' title='bbox 95 1214 208 1284; x_wconf 89' lang='lat' dir='ltr'><strong>etiam</strong></span> <span class='ocrx_word' id='word_1_47' title='bbox 224 1215 336 1285; x_wconf 84' lang='lat' dir='ltr'><strong>rerba</strong></span> <span class='ocrx_word' id='word_1_48' title='bbox 350 1214 532 1311; x_wconf 84' lang='lat' dir='ltr'><strong>contigua,</strong></span> <span class='ocrx_word' id='word_1_49' title='bbox 557 1213 670 1285; x_wconf 92' lang='lat' dir='ltr'><strong>modo</strong></span> <span class='ocrx_word' id='word_1_50' title='bbox 689 1216 846 1312; x_wconf 88' lang='lat' dir='ltr'><strong>parcius,</strong></span> <span class='ocrx_word' id='word_1_51' title='bbox 861 1215 975 1287; x_wconf 90' lang='lat' dir='ltr'><strong>modo</strong></span> <span class='ocrx_word' id='word_1_52' title='bbox 989 1217 1195 1311; x_wconf 84' lang='lat' dir='ltr'><strong>violentius,</strong></span> 
     </span>
     <span class='ocr_line' id='line_1_9' title="bbox 98 1336 1196 1437; baseline 0.004 -30"><span class='ocrx_word' id='word_1_53' title='bbox 98 1336 391 1433; x_wconf 84' lang='lat' dir='ltr'><strong>conglutinando</strong></span> <span class='ocrx_word' id='word_1_54' title='bbox 409 1336 653 1433; x_wconf 84' lang='lat' dir='ltr'><strong>interpolavit,</strong></span> <span class='ocrx_word' id='word_1_55' title='bbox 679 1362 761 1409; x_wconf 77' lang='lat' dir='ltr'><strong>etim</strong></span> <span class='ocrx_word' id='word_1_56' title='bbox 788 1352 907 1411; x_wconf 90' lang='lat' dir='ltr'><strong>cetera</strong></span> <span class='ocrx_word' id='word_1_57' title='bbox 919 1339 1093 1437; x_wconf 82' lang='lat' dir='ltr'><strong>pleraque</strong></span> <span class='ocrx_word' id='word_1_58' title='bbox 1119 1365 1196 1411; x_wconf 91' lang='lat' dir='ltr'><strong>ser·</strong></span> 
     </span>
     <span class='ocr_line' id='line_1_10' title="bbox 97 1460 1198 1558; baseline 0.002 -26"><span class='ocrx_word' id='word_1_59' title='bbox 97 1460 238 1533; x_wconf 74' lang='lat' dir='ltr'><strong>vaverit</strong></span> <span class='ocrx_word' id='word_1_60' title='bbox 275 1460 432 1557; x_wconf 87' lang='lat' dir='ltr'><strong>integra,</strong></span> <span class='ocrx_word' id='word_1_61' title='bbox 468 1460 583 1533; x_wconf 93' lang='lat' dir='ltr'><strong>multo</strong></span> <span class='ocrx_word' id='word_1_62' title='bbox 625 1474 721 1533; x_wconf 84' lang='lat' dir='ltr'><strong>certe</strong></span> <span class='ocrx_word' id='word_1_63' title='bbox 752 1462 873 1533; x_wconf 88' lang='lat' dir='ltr'><strong>minus</strong></span> <span class='ocrx_word' id='word_1_64' title='bbox 916 1462 985 1533; x_wconf 90' lang='lat' dir='ltr'><strong>sibi</strong></span> <span class='ocrx_word' id='word_1_65' title='bbox 1018 1463 1198 1558; x_wconf 89' lang='lat' dir='ltr'><strong>licentiae,</strong></span> 
     </span>
     <span class='ocr_line' id='line_1_11' title="bbox 99 1582 1198 1681; baseline 0 -26"><span class='ocrx_word' id='word_1_66' title='bbox 99 1608 214 1681; x_wconf 87' lang='lat' dir='ltr'><strong>quam</strong></span> <span class='ocrx_word' id='word_1_67' title='bbox 241 1582 495 1655; x_wconf 82' lang='lat' dir='ltr'><strong>Gronovianus</strong></span> <span class='ocrx_word' id='word_1_68' title='bbox 531 1584 617 1677; x_wconf 89' lang='lat' dir='ltr'><strong>istc,</strong></span> <span class='ocrx_word' id='word_1_69' title='bbox 653 1585 831 1655; x_wconf 80' lang='lat' dir='ltr'><strong>sumserit</strong></span> <span class='ocrx_word' id='word_1_70' title='bbox 881 1584 947 1657; x_wconf 78' lang='lat' dir='ltr'><strong>vix</strong></span> <span class='ocrx_word' id='word_1_71' title='bbox 972 1598 1094 1656; x_wconf 87' lang='lat' dir='ltr'><strong>autem</strong></span> <span class='ocrx_word' id='word_1_72' title='bbox 1119 1610 1198 1656; x_wconf 88' lang='lat' dir='ltr'><strong>cre-</strong></span> 
     </span>
     <span class='ocr_line' id='line_1_12' title="bbox 103 1706 1199 1805; baseline 0.001 -26"><span class='ocrx_word' id='word_1_73' title='bbox 103 1706 244 1779; x_wconf 88' lang='lat' dir='ltr'><strong>diderit</strong></span> <span class='ocrx_word' id='word_1_74' title='bbox 268 1706 485 1805; x_wconf 86' lang='lat' dir='ltr'><strong>quisquam,</strong></span> <span class='ocrx_word' id='word_1_75' title='bbox 511 1730 622 1802; x_wconf 88' lang='lat' dir='ltr'><strong>quam</strong></span> <span class='ocrx_word' id='word_1_76' title='bbox 645 1708 776 1779; x_wconf 86' lang='lat' dir='ltr'><strong>misere</strong></span> <span class='ocrx_word' id='word_1_77' title='bbox 807 1706 1008 1781; x_wconf 75' lang='lat' dir='ltr'><strong>deformata</strong></span> <span class='ocrx_word' id='word_1_78' title='bbox 1031 1708 1199 1805; x_wconf 87' lang='lat' dir='ltr'><strong>Epitome</strong></span> 
     </span>
     <span class='ocr_line' id='line_1_13' title="bbox 99 1828 1198 1931; baseline 0.001 -29"><span class='ocrx_word' id='word_1_79' title='bbox 99 1830 161 1902; x_wconf 88' lang='lat' dir='ltr'><strong>illa</strong></span> <span class='ocrx_word' id='word_1_80' title='bbox 193 1828 241 1901; x_wconf 90' lang='lat' dir='ltr'><strong>ad</strong></span> <span class='ocrx_word' id='word_1_81' title='bbox 276 1854 344 1901; x_wconf 88' lang='lat' dir='ltr'><strong>nos</strong></span> <span class='ocrx_word' id='word_1_82' title='bbox 375 1832 593 1927; x_wconf 69' lang='lat' dir='ltr'><strong>peruenerit.</strong></span> <span class='ocrx_word' id='word_1_83' title='bbox 653 1830 755 1904; x_wconf 89' lang='lat' dir='ltr'><strong>Nulla</strong></span> <span class='ocrx_word' id='word_1_84' title='bbox 788 1834 886 1904; x_wconf 87' lang='lat' dir='ltr'><strong>enirn</strong></span> <span class='ocrx_word' id='word_1_85' title='bbox 918 1830 1032 1905; x_wconf 83' lang='lat' dir='ltr'><strong>sermo</strong></span> <span class='ocrx_word' id='word_1_86' title='bbox 1066 1833 1198 1931; x_wconf 78' lang='lat' dir='ltr'><strong>pagina</strong></span> 
     </span>
     <span class='ocr_line' id='line_1_14' title="bbox 9 1952 1199 2052; baseline 0.007 -30"><span class='ocrx_word' id='word_1_87' title='bbox 9 1962 13 1989; x_wconf 78' lang='lat'>&#39;</span> <span class='ocrx_word' id='word_1_88' title='bbox 101 1952 275 2026; x_wconf 85' lang='lat' dir='ltr'><strong>editionis</strong></span> <span class='ocrx_word' id='word_1_89' title='bbox 299 1952 583 2026; x_wconf 90' lang='lat' dir='ltr'><strong>Hoeschelianae</strong></span> <span class='ocrx_word' id='word_1_90' title='bbox 617 1966 690 2049; x_wconf 92' lang='lat' dir='ltr'><strong>est,</strong></span> <span class='ocrx_word' id='word_1_91' title='bbox 722 1980 837 2052; x_wconf 92' lang='lat' dir='ltr'><strong>quae,</strong></span> <span class='ocrx_word' id='word_1_92' title='bbox 869 1970 912 2028; x_wconf 88' lang='lat' dir='ltr'><strong>ut</strong></span> <span class='ocrx_word' id='word_1_93' title='bbox 935 1958 1004 2030; x_wconf 90' lang='lat' dir='ltr'><strong>alia</strong></span> <span class='ocrx_word' id='word_1_94' title='bbox 1027 1958 1199 2030; x_wconf 74' lang='lat' dir='ltr'><strong>vitiorum</strong></span> 
     </span>
     <span class='ocr_line' id='line_1_15' title="bbox 100 2077 1198 2175; baseline 0.005 -28"><span class='ocrx_word' id='word_1_95' title='bbox 100 2100 235 2173; x_wconf 76' lang='lat' dir='ltr'><strong>genera</strong></span> <span class='ocrx_word' id='word_1_96' title='bbox 260 2077 450 2171; x_wconf 89' lang='lat' dir='ltr'><strong>omittam,</strong></span> <span class='ocrx_word' id='word_1_97' title='bbox 483 2102 561 2149; x_wconf 91' lang='lat' dir='ltr'><strong>non</strong></span> <span class='ocrx_word' id='word_1_98' title='bbox 588 2090 663 2148; x_wconf 91' lang='lat' dir='ltr'><strong>tres</strong></span> <span class='ocrx_word' id='word_1_99' title='bbox 696 2092 854 2175; x_wconf 85' lang='lat' dir='ltr'><strong>quatuor</strong></span> <span class='ocrx_word' id='word_1_100' title='bbox 883 2081 1030 2153; x_wconf 85' lang='lat' dir='ltr'><strong>lacunas</strong></span> <span class='ocrx_word' id='word_1_101' title='bbox 1053 2080 1198 2154; x_wconf 81' lang='lat' dir='ltr'><strong>babeat</strong></span> 
     </span>
     <span class='ocr_line' id='line_1_16' title="bbox 104 2200 1200 2298; baseline 0.004 -25"><span class='ocrx_word' id='word_1_102' title='bbox 104 2204 168 2274; x_wconf 86' lang='lat' dir='ltr'><strong>Vel</strong></span> <span class='ocrx_word' id='word_1_103' title='bbox 188 2204 241 2275; x_wconf 88' lang='lat' dir='ltr'><strong>sic</strong></span> <span class='ocrx_word' id='word_1_104' title='bbox 265 2216 390 2273; x_wconf 89' lang='lat' dir='ltr'><strong>tamen</strong></span> <span class='ocrx_word' id='word_1_105' title='bbox 416 2202 598 2298; x_wconf 85' lang='lat' dir='ltr'><strong>egregium</strong></span> <span class='ocrx_word' id='word_1_106' title='bbox 614 2200 661 2273; x_wconf 89' lang='lat' dir='ltr'><strong>ad</strong></span> <span class='ocrx_word' id='word_1_107' title='bbox 680 2215 797 2275; x_wconf 79' lang='lat' dir='ltr'><strong>textus</strong></span> <span class='ocrx_word' id='word_1_108' title='bbox 815 2204 1110 2277; x_wconf 82' lang='lat' dir='ltr'><strong>emendationem</strong></span> <span class='ocrx_word' id='word_1_109' title='bbox 1134 2207 1200 2278; x_wconf 92' lang='lat' dir='ltr'><strong>ad-</strong></span> 
     </span>
     <span class='ocr_line' id='line_1_17' title="bbox 104 2312 1201 2424; baseline 0.005 -29"><span class='ocrx_word' id='word_1_110' title='bbox 104 2326 319 2397; x_wconf 86' lang='lat' dir='ltr'><strong>miniculum</strong></span> <span class='ocrx_word' id='word_1_111' title='bbox 345 2312 483 2398; x_wconf 88' lang='lat' dir='ltr'><strong>censeri</strong></span> <span class='ocrx_word' id='word_1_112' title='bbox 508 2324 629 2403; x_wconf 79' lang='lat' dir='ltr'><strong>debet.</strong></span> <span class='ocrx_word' id='word_1_113' title='bbox 666 2327 838 2399; x_wconf 89' lang='lat' dir='ltr'><strong>Possinus</strong></span> <span class='ocrx_word' id='word_1_114' title='bbox 850 2326 1002 2424; x_wconf 87' lang='lat' dir='ltr'><strong>quidem</strong></span> <span class='ocrx_word' id='word_1_115' title='bbox 1025 2329 1110 2401; x_wconf 83' lang='lat' dir='ltr'><strong>satis</strong></span> <span class='ocrx_word' id='word_1_116' title='bbox 1133 2328 1201 2401; x_wconf 92' lang='lat' dir='ltr'><strong>ha-</strong></span> 
     </span>
     <span class='ocr_line' id='line_1_18' title="bbox 105 2447 1201 2546; baseline 0.004 -27"><span class='ocrx_word' id='word_1_117' title='bbox 105 2448 205 2542; x_wconf 89' lang='lat' dir='ltr'><strong>buit,</strong></span> <span class='ocrx_word' id='word_1_118' title='bbox 231 2447 409 2519; x_wconf 81' lang='lat' dir='ltr'><strong>Alexiadis</strong></span> <span class='ocrx_word' id='word_1_119' title='bbox 434 2448 718 2543; x_wconf 85' lang='lat' dir='ltr'><strong>Praelationem,</strong></span> <span class='ocrx_word' id='word_1_120' title='bbox 751 2474 846 2546; x_wconf 89' lang='lat' dir='ltr'><strong>quae</strong></span> <span class='ocrx_word' id='word_1_121' title='bbox 878 2451 919 2523; x_wconf 91' lang='lat' dir='ltr'><strong>in</strong></span> <span class='ocrx_word' id='word_1_122' title='bbox 942 2452 1113 2522; x_wconf 90' lang='lat' dir='ltr'><strong>omnibus</strong></span> <span class='ocrx_word' id='word_1_123' title='bbox 1137 2477 1201 2523; x_wconf 92' lang='lat' dir='ltr'><strong>co-</strong></span> 
     </span>
     <span class='ocr_line' id='line_1_19' title="bbox 107 2570 1202 2672; baseline 0.003 -27"><span class='ocrx_word' id='word_1_124' title='bbox 107 2572 249 2645; x_wconf 90' lang='lat' dir='ltr'><strong>dicibus</strong></span> <span class='ocrx_word' id='word_1_125' title='bbox 283 2570 405 2665; x_wconf 83' lang='lat' dir='ltr'><strong>deest,</strong></span> <span class='ocrx_word' id='word_1_126' title='bbox 436 2571 523 2645; x_wconf 91' lang='lat' dir='ltr'><strong>inde</strong></span> <span class='ocrx_word' id='word_1_127' title='bbox 557 2596 700 2645; x_wconf 90' lang='lat' dir='ltr'><strong>sumere</strong></span> <span class='ocrx_word' id='word_1_128' title='bbox 707 2599 719 2668; x_wconf 84' lang='lat'>3</span> <span class='ocrx_word' id='word_1_129' title='bbox 759 2575 900 2672; x_wconf 91' lang='lat' dir='ltr'><strong>reliqua</strong></span> <span class='ocrx_word' id='word_1_130' title='bbox 924 2596 972 2646; x_wconf 90' lang='lat' dir='ltr'><strong>ne</strong></span> <span class='ocrx_word' id='word_1_131' title='bbox 998 2572 1202 2670; x_wconf 81' lang='lat' dir='ltr'><strong>adspexisse</strong></span> 
     </span>
    </p>
   </div>
   <div class='ocr_carea' id='block_1_3' title="bbox 109 2693 1322 2796">
    <p class='ocr_par' dir='ltr' id='par_1_3' title="bbox 109 2693 1322 2796">
     <span class='ocr_line' id='line_1_20' title="bbox 109 2693 1322 2796; baseline 0 -29"><span class='ocrx_word' id='word_1_132' title='bbox 109 2695 261 2793; x_wconf 90' lang='lat' dir='ltr'><strong>quidem</strong></span> <span class='ocrx_word' id='word_1_133' title='bbox 296 2693 449 2768; x_wconf 83' lang='lat' dir='ltr'><strong>ridetur.</strong></span> <span class='ocrx_word' id='word_1_134' title='bbox 512 2696 585 2796; x_wconf 78' lang='lat' dir='ltr'><strong>Ego</strong></span> <span class='ocrx_word' id='word_1_135' title='bbox 620 2722 705 2769; x_wconf 86' lang='lat' dir='ltr'><strong>vero</strong></span> <span class='ocrx_word' id='word_1_136' title='bbox 744 2711 912 2769; x_wconf 89' lang='lat' dir='ltr'><strong>accurato</strong></span> <span class='ocrx_word' id='word_1_137' title='bbox 942 2699 1019 2770; x_wconf 88' lang='lat' dir='ltr'><strong>eius</strong></span> <span class='ocrx_word' id='word_1_138' title='bbox 1049 2720 1118 2770; x_wconf 89' lang='lat' dir='ltr'><strong>usu</strong></span> <span class='ocrx_word' id='word_1_139' title='bbox 1142 2697 1202 2770; x_wconf 89' lang='lat' dir='ltr'><strong>di·</strong></span> <span class='ocrx_word' id='word_1_140' title='bbox 1317 2728 1322 2740; x_wconf 38' lang='lat' dir='ltr'><strong>r</strong></span> 
     </span>
    </p>
   </div>
   <div class='ocr_carea' id='block_1_4' title="bbox 109 2819 1305 4284">
    <p class='ocr_par' dir='ltr' id='par_1_4' title="bbox 109 2819 1305 4284">
     <span class='ocr_line' id='line_1_21' title="bbox 109 2819 1201 2917; baseline 0.001 -26"><span class='ocrx_word' id='word_1_141' title='bbox 109 2819 200 2914; x_wconf 91' lang='lat' dir='ltr'><strong>dici,</strong></span> <span class='ocrx_word' id='word_1_142' title='bbox 226 2819 364 2893; x_wconf 89' lang='lat' dir='ltr'><strong>nullum</strong></span> <span class='ocrx_word' id='word_1_143' title='bbox 388 2820 492 2893; x_wconf 79' lang='lat' dir='ltr'><strong>facile</strong></span> <span class='ocrx_word' id='word_1_144' title='bbox 519 2820 684 2893; x_wconf 85' lang='lat' dir='ltr'><strong>codicem</strong></span> <span class='ocrx_word' id='word_1_145' title='bbox 710 2844 807 2917; x_wconf 90' lang='lat' dir='ltr'><strong>esse,</strong></span> <span class='ocrx_word' id='word_1_146' title='bbox 846 2823 904 2895; x_wconf 91' lang='lat' dir='ltr'><strong>cui</strong></span> <span class='ocrx_word' id='word_1_147' title='bbox 931 2822 1034 2895; x_wconf 73' lang='lat' dir='ltr'><strong>Anna</strong></span> <span class='ocrx_word' id='word_1_148' title='bbox 1060 2836 1201 2895; x_wconf 87' lang='lat' dir='ltr'><strong>tanturn</strong></span> 
     </span>
     <span class='ocr_line' id='line_1_22' title="bbox 112 2944 1201 3042; baseline 0.002 -27"><span class='ocrx_word' id='word_1_149' title='bbox 112 2944 265 3039; x_wconf 89' lang='lat' dir='ltr'><strong>debeat,</strong></span> <span class='ocrx_word' id='word_1_150' title='bbox 292 2959 470 3041; x_wconf 81' lang='lat' dir='ltr'><strong>quantum</strong></span> <span class='ocrx_word' id='word_1_151' title='bbox 491 2946 579 3017; x_wconf 89' lang='lat' dir='ltr'><strong>huic</strong></span> <span class='ocrx_word' id='word_1_152' title='bbox 602 2946 811 3041; x_wconf 83' lang='lat' dir='ltr'><strong>Epitomae3</strong></span> <span class='ocrx_word' id='word_1_153' title='bbox 838 2947 976 3042; x_wconf 91' lang='lat' dir='ltr'><strong>quippe</strong></span> <span class='ocrx_word' id='word_1_154' title='bbox 1003 2970 1098 3042; x_wconf 89' lang='lat' dir='ltr'><strong>quae</strong></span> <span class='ocrx_word' id='word_1_155' title='bbox 1124 2948 1201 3017; x_wconf 88' lang='lat' dir='ltr'><strong>sola</strong></span> 
     </span>
     <span class='ocr_line' id='line_1_23' title="bbox 111 3067 1305 3166; baseline 0.002 -27"><span class='ocrx_word' id='word_1_156' title='bbox 111 3093 187 3139; x_wconf 90' lang='lat' dir='ltr'><strong>non</strong></span> <span class='ocrx_word' id='word_1_157' title='bbox 209 3067 324 3141; x_wconf 91' lang='lat' dir='ltr'><strong>modo</strong></span> <span class='ocrx_word' id='word_1_158' title='bbox 350 3070 516 3141; x_wconf 88' lang='lat' dir='ltr'><strong>lectionis</strong></span> <span class='ocrx_word' id='word_1_159' title='bbox 531 3070 720 3141; x_wconf 82' lang='lat' dir='ltr'><strong>veritatem</strong></span> <span class='ocrx_word' id='word_1_160' title='bbox 742 3070 948 3166; x_wconf 88' lang='lat' dir='ltr'><strong>saepissime</strong></span> <span class='ocrx_word' id='word_1_161' title='bbox 964 3082 1119 3163; x_wconf 89' lang='lat' dir='ltr'><strong>tueatur,</strong></span> <span class='ocrx_word' id='word_1_162' title='bbox 1140 3094 1202 3141; x_wconf 81' lang='lat' dir='ltr'><strong>ve·</strong></span> <span class='ocrx_word' id='word_1_163' title='bbox 1301 3124 1305 3130; x_wconf 78' lang='lat'>.</span> 
     </span>
     <span class='ocr_line' id='line_1_24' title="bbox 110 3192 1202 3289; baseline 0 -26"><span class='ocrx_word' id='word_1_164' title='bbox 110 3216 190 3263; x_wconf 84' lang='lat' dir='ltr'><strong>rum</strong></span> <span class='ocrx_word' id='word_1_165' title='bbox 216 3193 325 3264; x_wconf 87' lang='lat' dir='ltr'><strong>etiam</strong></span> <span class='ocrx_word' id='word_1_166' title='bbox 351 3195 473 3289; x_wconf 90' lang='lat' dir='ltr'><strong>plura,</strong></span> <span class='ocrx_word' id='word_1_167' title='bbox 506 3218 599 3289; x_wconf 91' lang='lat' dir='ltr'><strong>quae</strong></span> <span class='ocrx_word' id='word_1_168' title='bbox 631 3194 758 3266; x_wconf 90' lang='lat' dir='ltr'><strong>mutila</strong></span> <span class='ocrx_word' id='word_1_169' title='bbox 792 3194 960 3289; x_wconf 85' lang='lat' dir='ltr'><strong>leguntur</strong></span> <span class='ocrx_word' id='word_1_170' title='bbox 991 3192 1031 3263; x_wconf 91' lang='lat' dir='ltr'><strong>in</strong></span> <span class='ocrx_word' id='word_1_171' title='bbox 1052 3193 1202 3289; x_wconf 91' lang='lat' dir='ltr'><strong>reliquis</strong></span> 
     </span>
     <span class='ocr_line' id='line_1_25' title="bbox 111 3314 1202 3415; baseline 0.001 -31"><span class='ocrx_word' id='word_1_172' title='bbox 111 3314 230 3409; x_wconf 87' lang='lat' dir='ltr'><strong>libris,</strong></span> <span class='ocrx_word' id='word_1_173' title='bbox 252 3340 339 3389; x_wconf 88' lang='lat' dir='ltr'><strong>sana</strong></span> <span class='ocrx_word' id='word_1_174' title='bbox 364 3331 400 3388; x_wconf 89' lang='lat' dir='ltr'><strong>et</strong></span> <span class='ocrx_word' id='word_1_175' title='bbox 424 3319 563 3415; x_wconf 87' lang='lat' dir='ltr'><strong>integra</strong></span> <span class='ocrx_word' id='word_1_176' title='bbox 585 3318 764 3391; x_wconf 80' lang='lat' dir='ltr'><strong>exhibeat.</strong></span> <span class='ocrx_word' id='word_1_177' title='bbox 817 3315 984 3389; x_wconf 86' lang='lat' dir='ltr'><strong>Ceterum</strong></span> <span class='ocrx_word' id='word_1_178' title='bbox 1008 3341 1091 3387; x_wconf 90' lang='lat' dir='ltr'><strong>cum</strong></span> <span class='ocrx_word' id='word_1_179' title='bbox 1105 3316 1202 3386; x_wconf 92' lang='lat' dir='ltr'><strong>lloe·</strong></span> 
     </span>
     <span class='ocr_line' id='line_1_26' title="bbox 113 3438 1203 3539; baseline 0.001 -31"><span class='ocrx_word' id='word_1_180' title='bbox 113 3440 266 3511; x_wconf 88' lang='lat' dir='ltr'><strong>schelius</strong></span> <span class='ocrx_word' id='word_1_181' title='bbox 292 3438 458 3512; x_wconf 87' lang='lat' dir='ltr'><strong>codicem</strong></span> <span class='ocrx_word' id='word_1_182' title='bbox 483 3443 749 3539; x_wconf 64' lang='lat' dir='ltr'><strong>augustanum,</strong></span> <span class='ocrx_word' id='word_1_183' title='bbox 782 3456 824 3512; x_wconf 91' lang='lat' dir='ltr'><strong>ut</strong></span> <span class='ocrx_word' id='word_1_184' title='bbox 857 3466 901 3511; x_wconf 83' lang='lat' dir='ltr'><strong>ex</strong></span> <span class='ocrx_word' id='word_1_185' title='bbox 932 3439 1203 3536; x_wconf 89' lang='lat' dir='ltr'><strong>speciminibus,</strong></span> 
     </span>
     <span class='ocr_line' id='line_1_27' title="bbox 112 3561 1205 3659; baseline 0.002 -26"><span class='ocrx_word' id='word_1_186' title='bbox 112 3586 132 3633; x_wconf 92' lang='lat' dir='ltr'><strong>a</strong></span> <span class='ocrx_word' id='word_1_187' title='bbox 168 3561 348 3636; x_wconf 85' lang='lat' dir='ltr'><strong>Friderico</strong></span> <span class='ocrx_word' id='word_1_188' title='bbox 379 3564 729 3659; x_wconf 89' lang='lat' dir='ltr'><strong>Windisehmanno,</strong></span> <span class='ocrx_word' id='word_1_189' title='bbox 762 3564 858 3637; x_wconf 84' lang='lat' dir='ltr'><strong>Proi.</strong></span> <span class='ocrx_word' id='word_1_190' title='bbox 893 3564 1099 3637; x_wconf 88' lang='lat' dir='ltr'><strong>Monacensi</strong></span> <span class='ocrx_word' id='word_1_191' title='bbox 1112 3616 1123 3656; x_wconf 96' lang='lat'><strong>,</strong></span> <span class='ocrx_word' id='word_1_192' title='bbox 1156 3561 1205 3635; x_wconf 88' lang='lat' dir='ltr'><strong>ad</strong></span> 
     </span>
     <span class='ocr_line' id='line_1_28' title="bbox 113 3686 1204 3787; baseline 0 -30"><span class='ocrx_word' id='word_1_193' title='bbox 113 3687 333 3781; x_wconf 87' lang='lat' dir='ltr'><strong>memissis,</strong></span> <span class='ocrx_word' id='word_1_194' title='bbox 359 3691 533 3785; x_wconf 81' lang='lat' dir='ltr'><strong>cognovi,</strong></span> <span class='ocrx_word' id='word_1_195' title='bbox 555 3716 632 3762; x_wconf 93' lang='lat' dir='ltr'><strong>non</strong></span> <span class='ocrx_word' id='word_1_196' title='bbox 657 3716 721 3786; x_wconf 89' lang='lat' dir='ltr'><strong>ea,</strong></span> <span class='ocrx_word' id='word_1_197' title='bbox 747 3715 822 3787; x_wconf 92' lang='lat' dir='ltr'><strong>qua</strong></span> <span class='ocrx_word' id='word_1_198' title='bbox 845 3713 911 3785; x_wconf 87' lang='lat' dir='ltr'><strong>par</strong></span> <span class='ocrx_word' id='word_1_199' title='bbox 937 3701 1025 3781; x_wconf 87' lang='lat' dir='ltr'><strong>erat,</strong></span> <span class='ocrx_word' id='word_1_200' title='bbox 1050 3686 1204 3783; x_wconf 87' lang='lat' dir='ltr'><strong>diligen-</strong></span> 
     </span>
     <span class='ocr_line' id='line_1_29' title="bbox 113 3810 1204 3911; baseline 0.002 -33"><span class='ocrx_word' id='word_1_201' title='bbox 113 3810 161 3881; x_wconf 87' lang='lat' dir='ltr'><strong>tia</strong></span> <span class='ocrx_word' id='word_1_202' title='bbox 183 3812 407 3905; x_wconf 88' lang='lat' dir='ltr'><strong>contulisset,</strong></span> <span class='ocrx_word' id='word_1_203' title='bbox 431 3838 609 3911; x_wconf 89' lang='lat' dir='ltr'><strong>perquam</strong></span> <span class='ocrx_word' id='word_1_204' title='bbox 632 3827 838 3911; x_wconf 90' lang='lat' dir='ltr'><strong>opportune</strong></span> <span class='ocrx_word' id='word_1_205' title='bbox 861 3811 1005 3903; x_wconf 86' lang='lat' dir='ltr'><strong>accidit,</strong></span> <span class='ocrx_word' id='word_1_206' title='bbox 1024 3823 1066 3883; x_wconf 91' lang='lat' dir='ltr'><strong>ut</strong></span> <span class='ocrx_word' id='word_1_207' title='bbox 1090 3812 1204 3882; x_wconf 92' lang='lat' dir='ltr'><strong>bene·</strong></span> 
     </span>
     <span class='ocr_line' id='line_1_30' title="bbox 115 3931 1204 4035; baseline 0.001 -34"><span class='ocrx_word' id='word_1_208' title='bbox 115 3931 195 4005; x_wconf 88' lang='lat' dir='ltr'><strong>ficio</strong></span> <span class='ocrx_word' id='word_1_209' title='bbox 220 3934 345 4007; x_wconf 84' lang='lat' dir='ltr'><strong>Tatetii</strong></span> <span class='ocrx_word' id='word_1_210' title='bbox 376 3937 416 4007; x_wconf 86' lang='lat' dir='ltr'><strong>V.</strong></span> <span class='ocrx_word' id='word_1_211' title='bbox 446 3934 484 4007; x_wconf 89' lang='lat' dir='ltr'><strong>C.</strong></span> <span class='ocrx_word' id='word_1_212' title='bbox 509 3938 768 4035; x_wconf 81' lang='lat' dir='ltr'><strong>Apographum</strong></span> <span class='ocrx_word' id='word_1_213' title='bbox 797 3937 1024 4009; x_wconf 87' lang='lat' dir='ltr'><strong>nanciscerer</strong></span> <span class='ocrx_word' id='word_1_214' title='bbox 1056 3956 1204 4007; x_wconf 89' lang='lat' dir='ltr'><strong>accura-</strong></span> 
     </span>
     <span class='ocr_line' id='line_1_31' title="bbox 116 4058 1205 4159; baseline 0.001 -33"><span class='ocrx_word' id='word_1_215' title='bbox 116 4059 206 4150; x_wconf 89' lang='lat' dir='ltr'><strong>tius,</strong></span> <span class='ocrx_word' id='word_1_216' title='bbox 232 4058 336 4154; x_wconf 91' lang='lat' dir='ltr'><strong>quod</strong></span> <span class='ocrx_word' id='word_1_217' title='bbox 361 4060 401 4131; x_wconf 92' lang='lat' dir='ltr'><strong>in</strong></span> <span class='ocrx_word' id='word_1_218' title='bbox 422 4061 648 4133; x_wconf 78' lang='lat' dir='ltr'><strong>bibliotheca</strong></span> <span class='ocrx_word' id='word_1_219' title='bbox 659 4062 880 4159; x_wconf 86' lang='lat' dir='ltr'><strong>Tubingensi</strong></span> <span class='ocrx_word' id='word_1_220' title='bbox 906 4071 1113 4132; x_wconf 82' lang='lat' dir='ltr'><strong>asservatur.</strong></span> <span class='ocrx_word' id='word_1_221' title='bbox 1135 4058 1205 4128; x_wconf 79' lang='lat' dir='ltr'><strong>Ex-</strong></span> 
     </span>
     <span class='ocr_line' id='line_1_32' title="bbox 117 4180 1204 4284; baseline 0 -33"><span class='ocrx_word' id='word_1_222' title='bbox 117 4182 275 4278; x_wconf 86' lang='lat' dir='ltr'><strong>emplum</strong></span> <span class='ocrx_word' id='word_1_223' title='bbox 313 4184 401 4257; x_wconf 91' lang='lat' dir='ltr'><strong>illud</strong></span> <span class='ocrx_word' id='word_1_224' title='bbox 427 4186 671 4283; x_wconf 84' lang='lat' dir='ltr'><strong>Augustanum</strong></span> <span class='ocrx_word' id='word_1_225' title='bbox 695 4187 841 4284; x_wconf 85' lang='lat' dir='ltr'><strong>triginta</strong></span> <span class='ocrx_word' id='word_1_226' title='bbox 873 4185 1038 4283; x_wconf 90' lang='lat' dir='ltr'><strong>quinque</strong></span> <span class='ocrx_word' id='word_1_227' title='bbox 1079 4180 1204 4271; x_wconf 89' lang='lat' dir='ltr'><strong>annis,</strong></span> 
     </span>
    </p>
   </div>
   <div class='ocr_carea' id='block_1_5' title="bbox 0 0 1548 4909">
    <p class='ocr_par' dir='ltr' id='par_1_5' title="bbox 0 0 1548 4909">
     <span class='ocr_line' id='line_1_33' title="bbox 0 0 1548 4909; baseline 0 0"><span class='ocrx_word' id='word_1_228' title='bbox 0 0 1548 4909; x_wconf 95' lang='lat' dir='ltr'><strong> </strong></span> 
     </span>
    </p>
   </div>
  </div>
 </body>
</html>
