3042 4909
452 307 662 373 λιιιιιιιιιιε
688 310 762 372 cm.
785 310 839 372 ιιι.
871 313 899 375 ι.
1132 282 1215 382 ,ιίμ

133 462 253 544 ραόται
272 454 400 543 ψυχήν,
433 453 627 522 κάκ’πυλλοί
644 456 731 545 crisci
749 457 978 539 συνεβούλευον
997 454 1052 541 τήν
1069 458 1219 541 βασιλίδα

132 561 319 644 ἀγαγέσθαι
338 558 510 637 Εάόοκιαν,
546 560 620 641 περί
640 548 679 641 ἧς
697 552 951 641 όπετονθόρυζόυ
972 579 1074 638 τινες,
1101 556 1145 631 άς
1164 558 1304 639 viem

132 662 304 739 βασιλείας
331 659 387 721 κατ’
411 648 508 730 αὖθις
540 652 731 739 ἱμειρομίνη,
757 653 812 720 τόν
833 653 1062 739 Βοτανειάτην,
1090 655 1221 739 όπηνίκα

136 757 198 840 τὴν
220 755 369 836 Δάμαλιν
403 756 575 835 κατέλαβεν
608 753 808 837 ἐπειγόμενος
829 755 875 829 εἰς
892 752 947 837 τὴν
966 758 1126 836 βασιλειαν
1143 756 1221 819 α’να.

102 865 127 925 5
136 860 262 940 χθῆναι
282 851 463 938 περιωπήν,
485 851 539 917 διά
556 853 754 937 γραμμάτων
774 854 1012 939 ε’σφετερίζετο·
1053 850 1083 917 οἱ
1104 857 1160 934 δέ,
1176 848 1225 919 ὅτι

136 958 182 1019 ου’
200 952 299 1038 χάριν
318 942 454 1036 ἓαντῆς,
476 948 559 1017 α’λλό
577 953 632 1035 τῆς
662 952 748 1026 ἰδίας
768 956 861 1035 Ζωῆς
880 953 936 1035 τῆς
956 955 1225 1037 Παρφυρογεννὴ-

135 1076 216 1119 του·
265 1054 322 1117 καί
352 1048 437 1133 τάχα
470 1047 610 1135 διηνόκει
638 1042 679 1114 όν
704 1048 739 1115 τό
771 1049 1044 1133 σπουδαζόμενον,
1067 1053 1098 1117 εἰ
1112 1056 1156 1137 μή
1175 1078 1224 1129 τις

135 1156 202 1217 τεόν
227 1150 429 1235 θεραπόντων
449 1152 505 1231 τῆς
524 1147 625 1232 ὁρμῆς
646 1143 765 1233 ταότης
783 1154 935 1233 άνέκοψε,
962 1152 1057 1223 Λέων
1078 1152 1224 1232 ἐκτομίας

137 1248 423 1333 ὃΚυόωνειάτης,
449 1244 546 1311 πολλὰ
568 1252 624 1313 καί
650 1252 760 1332 καίρια
789 1245 869 1333 πρός
899 1248 1000 1332 αάτὴν
1027 1247 1175 1332 εἶρηκάς,
1199 1248 1223 1315 ά

86 1381 131 1421 10
140 1347 222 1413 κατά
241 1351 340 1433 μέρος
361 1348 566 1429 ἀπαγγέλλειν
584 1346 660 1429 ἡμῖν
681 1349 723 1409 ου’
736 1349 844 1429 θέμις,
867 1346 964 1434 φάσει
986 1347 1022 1411 τό
1044 1346 1256 1430 όιαβάλλεινῐ)

139 1446 445 1532 άποστρεφαμένοις,
473 1451 540 1522 τοῖς
575 1446 611 1509 di
630 1448 694 1511 τῶν
719 1443 869 1511 τοιούτων
900 1453 1072 1530 λογαποιοῖς
1099 1446 1223 1526 πάντας

136 1551 195 1612 καί
213 1549 290 1631 περί
306 1544 424 1611 ταότων
441 1540 582 1628 μελήσει.
605 1540 624 1605 ό
649 1547 755 1624 μέντοι
775 1552 889 1629 καῖσαρ
910 1546 1052 1630 Ἰωάννης
1071 1550 1225 1621 παντοίαις

138 1644 240 1711 αὐτόν
258 1640 432 1726 μετελθιόν,
455 1646 554 1726 πέρας
574 1644 692 1708 δέδωκε
711 1647 752 1731 τῇ
771 1646 870 1732 βουλῇ
892 1648 1001 1721 πείσας
1019 1648 1225 1731 συνοφθῆναι

137 1749 177 1832 τῇ
196 1746 340 1825 βασιλίδι
355 1745 488 1829 Μαρίᾳ,
507 1740 655 1831 καθαλςό
678 1744 769 1825 λόγος
790 1748 986 1829 σαφέστερον
1008 1742 1138 1830 φθάσας
1152 1743 1225 1830 c'dp'·
1263 1810 1266 1816 ,

90 1853 241 1924 15imoa,
275 1841 447 1907 κάντεῦθεν
485 1842 666 1924 παρρησίαν
699 1840 818 1926 πολλὴν
852 1841 980 1927 ἑσχὴκει
1007 1843 1087 1926 πρός
1116 1836 1224 1927 aitis.

137 1941 209 2009 ἐπεὶ
228 1947 258 2007 δ’
280 1938 315 2006 ἕν
330 1963 413 2007 τισιν
432 1940 566 2026 ἡμέραις
594 1942 681 2004 ταῦτ’
701 1943 854 2023 ἐτελεῖτο,
875 1942 919 2023 μὴ
940 1945 1140 2023 βουλομένων
1161 1947 1224 2009 ταῖν

137 2043 315 2125 Κομνηναῖν
335 2039 457 2124 α’θρόον
477 2032 577 2121 αότὴν
597 2036 757 2103 ἀπελάσαι
784 2043 847 2105 τῶν
866 2044 1048 2123 βασιλείων,
1071 2038 1127 2107 ἅτε
1147 2050 1302 2127 πολ-λης

137 2145 199 2207 λῶν
221 2143 323 2223 αὐτῆς
345 2137 601 2223 εόεργετφμάταιν
619 2132 780 2216 τυχόντων
810 2144 886 2221 παρ’
922 2132 992 2204 όλον
1014 2138 1066 2204 τόν
1089 2144 1143 2222 τῆς
1164 2145 1222 2219 βα-

138 2239 259 2317 σιλείας
282 2239 385 2321 αὐτῆς
411 2233 544 2321 χρόνον,
572 2236 633 2317 οόχ
657 2226 750 2318 ἧττον
780 2237 815 2299 δὲ
834 2235 889 2300 καί
908 2239 948 2299 dc’
969 2232 1008 2320 ἣν
1028 2234 1121 2319 ἔσχον
1143 2238 1222 2319 πρός

87 2338 242 2423 ‚oodric
259 2334 434 2421 συνήθειαν
453 2338 494 2421 τῇ
514 2333 672 2420 προφάσει
698 2336 753 2417 τῆς
775 2338 808 2411 ἐξ
828 2334 1014 2419 α’μφαεέραιν
1034 2338 1096 2399 ταῖν
1116 2340 1222 2419 μεριόν

134 2432 362 2521 αυμπεσυόσης
380 2436 574 2517 σνγγενειας,
608 2431 719 2498 πολλοί
741 2434 776 2497 έκ
796 2436 919 2499 πολλῶν
939 2438 1116 2520 συνείροντα
1136 2435 1222 2517 λόγοι

134 2538 300 2623 νοημάτων
321 2530 486 2619 διαφόρων
509 2534 743 2617 ἐ’ξαγγελτικοό,
780 2535 841 2597 τοῖν
861 2533 920 2614 μὲν
941 2526 1043 2609 ἄλλως
1061 2537 1221 2617 ἐκλαμβα-

207 2706 232 2757 5.
254 2696 393 2774 περιοπὴν
414 2697 444 2750 C.
532 2700 825 2772 ίιπορφυρογενὴταυ
843 2700 872 2753 C.
958 2722 984 2773 9.
1000 2701 1170 2771 κνάιυνιάτης
1188 2707 1221 2757 G.

152 2839 157 2849 .
202 2772 378 2903 ζιριλρτιρςΐρῦ,
396 2773 514 2842 καιρίως
534 2769 588 2821 PG.
648 2774 651 2777 ’
692 2788 730 2825 ιο.
749 2770 817 2843 ἡμῖν
843 2770 1029 2845 ἀπαγγέλλειν
1050 2774 1081 2827 G.
1182 2796 1220 2833 ιι.

157 2985 213 3034 uosi
233 2996 360 3051 corpore,
380 2981 408 3031 in
428 2984 583 3032 terrestrem
601 2978 676 3031 hunc
691 2977 823 3031 mundum
841 2978 1025 3031 descenderat.
1043 2982 1118 3033 hisce
1137 2983 1221 3050 igitur

134 3002 236 3106 {cesar
255 3050 407 3103 rationibus
423 3068 500 3116 usus,
516 3050 688 3121 imperatoris
709 3050 829 3102 animum
847 3050 937 3101 mollit
956 3050 1112 3120 flectitque,
1134 3070 1221 3122 quan-

135 3142 217 3194 quam
236 3123 317 3174 multi
342 3120 510 3184 suadebant,
538 3130 570 3173 ut
592 3122 789 3190 imperatricem
818 3120 929 3173 duceret
954 3120 1117 3187 Eudocium,
1140 3140 1220 3193 quarn

134 3212 226 3247 rumor
245 3202 318 3256 erat,
338 3189 444 3261 imperii
463 3208 553 3243 rursus
572 3190 706 3261 cupidam,
725 3192 913 3255 Botaniutem,
933 3207 1098 3244 cumrerum
1117 3194 1221 3263 potitu-

135 3283 180 3318 rus
198 3263 331 3317 Damalim
355 3271 530 3334 occupasset,
555 3252 658 3315 litteris
683 3262 738 3314 sibi
761 3264 939 3315 conciliasse:
966 3269 1030 3314 sunt
1051 3271 1156 3327 tamen,
1174 3265 1220 3333 qui

133 3353 189 3387 nou
207 3353 265 3396 sua,
286 3332 335 3385 sed
351 3334 416 3385 Zoes
432 3333 505 3384 filias
523 3332 771 3401 Porphyrogenitae
786 3350 864 3385 causa
882 3332 912 3385 id
930 3332 1026 3385 fecisse
1041 3350 1099 3389 eam
1112 3332 1218 3385 dicant:

133 3424 165 3458 ac
185 3404 299 3458 fortasse
325 3403 503 3473 perfecturam
522 3404 606 3455 fuisse
624 3405 784 3467 consilium,
807 3405 859 3455 nisi
877 3403 988 3473 quidam
1006 3420 1040 3455 ex
1058 3403 1219 3466 domesticis,

134 3474 365 3542 leoCydoniates
390 3473 544 3538 eunuchus,
567 3474 660 3525 multis
682 3474 770 3543 iisque
799 3475 828 3525 in
857 3482 978 3545 tempora
1005 3474 1147 3526 monendis
1171 3474 1220 3525 cle.
1271 3528 1276 3547 Ι

133 3547 285 3608 terruisset,
306 3560 376 3615 quac
395 3543 548 3611 singulatim
559 3544 669 3606 referre,
688 3561 750 3595 cum
768 3552 864 3597 natura
881 3563 898 3596 a
914 3544 1056 3599 calumniis
1074 3546 1220 3597 abhorrea-

96 3646 103 3659 ·
133 3635 209 3681 mus,
227 3614 306 3668 nobis
324 3615 400 3666 nefas
428 3614 553 3679 ταλαίνης
576 3615 756 3683 relinquimus
771 3615 870 3667 enisu
888 3616 936 3681 iis,
957 3617 1006 3687 qui
1022 3614 1155 3668 eiusmodi
1176 3634 1221 3667 ru-

133 3704 221 3740 mores
239 3686 336 3738 litteris
353 3682 481 3735 mandare
500 3686 596 3737 solent.
614 3684 749 3737 lohannes
762 3693 851 3739 autem
862 3686 969 3749 Caesar,
982 3688 1030 3755 qui
1047 3686 1121 3737 vario
1139 3686 1219 3739 modo

133 3758 303 3810 Bolaniatem
319 3762 448 3819 tentaret,
457 3754 568 3807 taudem
589 3772 643 3807 rem
658 3756 696 3807 ita
709 3756 832 3824 perfecit,
850 3765 881 3807 ut
892 3757 1005 3809 Muciam
1015 3756 1159 3823 Augustum
1170 3758 1220 3809 du-

133 3828 244 3881 cendam
258 3834 395 3889 statueret,
408 3834 529 3893 utsupra
542 3826 594 3876 iam
608 3824 761 3878 distinctius
772 3844 804 3879 ex
825 3826 954 3891 osuiruus;
968 3834 1049 3896 atque
1067 3827 1102 3878 eb
1111 3844 1144 3881 eo
1155 3828 1219 3881 inde

134 3909 255 3968 tempore
273 3913 396 3966 magnam
416 3895 490 3965 apud
508 3912 566 3947 eam
585 3894 704 3948 habebat
720 3844 828 3949 dicendi
845 3895 1008 3947 libertatem.
1026 3895 1074 3947 sed
1092 3914 1150 3949 cum
1168 3902 1220 3951 ali.

135 3978 204 4039 quot
222 3968 326 4019 dierum
340 3969 477 4035 negotium
498 3974 577 4030 esset,
595 3982 685 4036 neque
696 3966 826 4019 comneni
842 3968 952 4021 omniuo
963 3966 1065 4035 palatio
1083 3986 1141 4021 eam
1159 3972 1220 4039 psl.

135 4041 191 4092 lere
214 4041 336 4101 vellent,
366 4056 427 4090 cum
449 4044 562 4107 propter
586 4036 727 4089 multaab
758 4054 791 4091 ea
808 4053 858 4107 per
887 4044 974 4088 totum
993 4038 1099 4108 imperii
1113 4049 1219 4109 tempus

135 4118 245 4181 accepta
272 4109 422 4171 beneficis,
451 4117 509 4159 tum
534 4123 600 4179 vero!
614 4109 696 4161 etiarn
725 4107 761 4160 ob
780 4107 1003 4171 familiaritatem,
1021 4125 1093 4179 quae
1110 4120 1219 4179 propter

134 4178 376 4245 uecessitudinem,
391 4196 445 4251 qua
463 4188 577 4251 uterque
605 4178 632 4232 ei
652 4177 792 4231 devinctus
811 4185 885 4241 eret,
904 4178 975 4233 iuter
999 4195 1044 4233 eos
1068 4180 1218 4233 intercede·
