3042 4909
274 228 322 298 Χ,
604 222 801 289 Luuovtcr
830 220 1031 288 scuortui

230 336 238 350 .
276 370 330 460 111,
352 365 439 439 odio
459 366 631 465 implerit.
657 368 726 440 lles
745 367 830 439 satis
855 380 944 439 nota
956 379 1106 438 estcum
1128 390 1171 437 ex
1198 366 1255 460 iis,
1277 391 1373 463 quae

275 496 313 564 u
338 494 469 591 syuog.
500 490 611 589 epist.
637 492 759 563 num.
785 491 889 562 rom.
908 474 978 563 111.
996 516 1032 588 p.
1062 495 1144 563 175.
1173 494 1254 563 111.
1288 495 1370 564 rso.

278 619 360 690 192.
379 643 461 714 sqq.
479 631 515 688 et
532 618 613 689 575.
641 628 847 709 narrantur,
870 629 950 687 term
974 638 1061 686 rero
1086 615 1194 688 etiam
1220 640 1263 687 ex
1285 616 1373 712 Epi-

277 742 368 813 stola
394 740 592 835 Gronovii,
618 738 665 811 ad
678 740 759 811 Ant.
776 738 1018 811 Clementium
1044 762 1077 810 1.
1093 735 1200 813 1656.
1225 738 1309 811 data
1334 754 1372 812 ct

276 866 371 937 libro
398 864 444 937 dc
477 864 656 938 Sestertiis
693 866 896 937 subiuncta.
963 864 1008 937 ln
1041 888 1084 935 11
1119 863 1280 960 Epistola
1317 865 1373 936 111

273 991 599 1086 praestantissimus
631 990 724 1063 haec
745 990 892 1084 scribit,
921 1015 959 1086 p.
982 990 1088 1061 ost:
1116 988 1253 1083 „Narro
1279 989 1372 1077 tibi,

214 1086 221 1101 ’
273 1092 334 1184 me
360 1114 497 1186 Romae
522 1117 654 1213 partim
680 1138 783 1208 mea,
808 1115 943 1211 partim
964 1112 1084 1191 multo
1109 1136 1199 1185 auro
1221 1110 1372 1185 redem-

274 1251 337 1334 pta
372 1264 483 1312 manu
517 1239 746 1335 descripsisse
778 1234 966 1310 Alexiades
991 1236 1117 1314 Annae
1142 1233 1373 1333 comnenae,

275 1375 313 1434 et
337 1364 424 1463 quia
449 1362 666 1436 mendosum
694 1377 770 1436 erat
794 1365 1004 1461 exemplar,
1029 1387 1113 1435 cum
1138 1362 1372 1458 Florentino,

274 1488 323 1558 ob
349 1488 446 1559 hano
468 1487 584 1583 ipsam
616 1485 760 1560 causam
793 1488 834 1563 in
859 1513 940 1561 eam
973 1489 1126 1583 urbem,
1157 1511 1270 1585 quam
1295 1487 1370 1559 iam
1433 1570 1438 1580 .

272 1610 455 1705 videram,
495 1620 686 1685 reversum
714 1614 921 1685 contulisse.
981 1612 1079 1684 Fecit
1109 1609 1210 1683 idem
1243 1627 1373 1709 postea

272 1736 424 1810 otiosius
457 1736 570 1811 Lucas
602 1736 830 1833 Holstenius,
867 1760 911 1808 ex
945 1735 1047 1809 cuius
1081 1734 1211 1808 codiee
1244 1762 1371 1809 meum

273 1860 477 1956 exemplum
502 1886 724 1957 paraveram,
748 1875 785 1933 et
806 1862 836 1933 si
862 1858 972 1933 edere
997 1862 1141 1955 vellem,
1166 1861 1269 1933 illum
1294 1862 1369 1933 iam

272 1982 564 2057 emendatiorem
596 1985 756 2083 benigue
787 1986 932 2058 obtulit.
983 1986 1069 2059 Erat
1097 1999 1179 2057 tum
1204 1986 1244 2056 in
1269 1985 1370 2057 ltalia

270 2107 346 2181 Nic.
361 2108 543 2203 Heinsius,
569 2124 711 2183 etcum
736 2112 887 2183 sarcinis
911 2110 1079 2204 librariis,
1105 2133 1196 2208 quas
1207 2109 1368 2183 venetiis

271 2232 452 2331 mittebat,
477 2233 629 2309 curandi
656 2234 704 2308 ad
725 2261 786 2307 me
810 2232 972 2308 studium
994 2234 1244 2330 pollicebatur.
1294 2232 1370 2305 Sed

267 2382 345 2428 non
383 2361 504 2455 potuit
541 2360 666 2433 induci
698 2360 927 2453 Holstenius,
962 2372 1005 2431 ut
1040 2382 1125 2429 eum
1157 2358 1370 2431 thesaurum

270 2482 362 2551 mari
388 2484 652 2555 committeret:
677 2484 856 2555 terrestris
880 2484 939 2555 111
963 2482 1089 2580 potior
1111 2483 1197 2556 1111.
1250 2483 1369 2555 luter-

271 2618 398 2701 ecptus
434 2620 487 2677 est
510 2606 603 2679 liber
631 2608 671 2679 in
695 2606 832 2701 Gallia,
861 2606 1090 2707 traditusque
1125 2610 1165 2681 P.
1189 2608 1367 2681 Possinos

269 2741 312 2799 ut
335 2741 489 2801 verteret
510 2754 552 2801 ac
577 2729 790 2826 publicaret.
842 2730 884 2805 ld
909 2757 1024 2831 quum
1046 2758 1115 2829 per
1132 2730 1253 2802 literas
1268 2728 1369 2802 indi-

272 2866 387 2923 casset
410 2852 503 2924 mihi
530 2852 777 2953 Cramoysius,
810 2856 984 2953 respondi
1015 2881 1084 2927 nos
1110 2879 1239 2927 omnes
1263 2855 1367 2928 bono

269 2976 420 3072 publico
443 2978 609 3075 profiteri
641 3004 809 3077 operam:
844 3005 918 3076 qua
949 2980 988 3050 in
1013 3004 1053 3049 re
1084 2980 1114 3050 si
1139 2979 1230 3050 alius
1255 2978 1366 3050 alium

273 3114 531 3196 anteverteret,
555 3129 634 3177 non
659 3104 858 3175 simultates
882 3101 1141 3202 suscipiendas,
1162 3100 1229 3174 sed
1249 3114 1368 3199 grates

271 3224 447 3321 agendas,
484 3214 587 3323 quod
626 3226 752 3301 labore
796 3228 971 3300 sublevati
1013 3251 1194 3299 essemus:
1212 3308 1215 3317 ‚
1232 3226 1364 3323 utique

271 3348 359 3442 illis,
387 3376 545 3449 quorum
571 3376 646 3425 non
673 3354 938 3453 restringuntur
961 3351 1056 3425 intra
1090 3364 1281 3450 angustum
1303 3374 1369 3421 eo·

272 3472 376 3568 piae,
402 3489 438 3546 11
462 3489 572 3549 restat
593 3460 698 3572 satis,
723 3479 762 3550 in
790 3504 866 3577 quo
901 3475 1047 3550 laudem
1074 3500 1254 3574 occupare
1277 3498 1368 3571 pos-

274 3595 421 3671 simus.“
468 3602 520 3674 'Ex
545 3601 602 3673 his
627 3602 747 3673 verbis
771 3601 860 3676 illud
884 3603 991 3674 simul
1016 3602 1246 3698 intelligitur,
1268 3595 1369 3695 Apo·

272 3720 451 3817 graphunr
478 3724 773 3824 Grouorianum,
798 3728 857 3800 cui
883 3752 930 3800 ne
955 3726 1028 3799 ulla
1053 3725 1205 3825 quidem
1230 3723 1370 3815 notula,

271 3844 372 3916 unde
394 3846 542 3945 originis
559 3852 727 3925 notitiam
743 3852 901 3947 haurias,
929 3849 1109 3949 adscripta
1121 3864 1187 3945 est,
1204 3872 1248 3921 ex
1271 3847 1367 3920 duo-

272 3968 340 4039 bus
365 3970 554 4046 codicibus
578 3991 746 4072 paratum
760 4002 847 4051 csse.
876 3976 1045 4069 Quorum
1060 3973 1211 4073 quidem
1237 3988 1366 4063 unum,

274 4091 519 4169 Florentinum
546 4098 645 4195 dico,
657 4099 856 4176 Bandinius
871 4100 911 4175 in
924 4097 1094 4194 Catalogo
1107 4095 1225 4169 Codd.
1239 4095 1365 4169 Graec.
