3042 4909
258 206 331 269 Vlll
572 198 771 275 LUDOVlCl
806 198 1009 267 senorum

261 347 309 418 cii
340 344 475 441 luerat3
505 368 665 442 cumque
691 368 741 415 ‚ex
775 343 853 417 eius
886 344 1104 439 collatione,
1136 360 1178 418 ut
1209 346 1286 444 ipse
1317 350 1378 421 in

260 469 411 543 Praelat.
430 470 477 541 ad
494 469 643 566 Niceph.
662 468 819 564 Bryenn.
846 494 881 564 p.
893 468 963 540 XV.
979 468 1037 540 ed.
1049 470 1165 542 Bonn.
1192 472 1255 566 ait,
1279 498 1376 544 non

261 592 376 667 modo
400 594 546 665 lacunas
579 592 663 665 libri
696 593 751 664 sui
777 590 866 662 editi
890 593 1092 688 supplesset
1117 620 1266 689 omnes,
1291 594 1374 667 sed

261 717 421 790 diversas
447 742 598 815 quoque
623 717 799 789 lectiones
830 715 932 787 facile
955 716 1013 787 bis
1037 705 1149 788 mille¹
1164 733 1370 814 enotasset,

260 841 359 914 hanc
382 842 544 913 criticam
570 841 761 914 materiem
783 840 822 911 in
834 838 949 933 Notis,
973 839 1145 937 singulari
1170 844 1368 915 volumine

260 964 425 1061 edendis,
449 963 659 1040 additurum
684 990 723 1037 se
742 988 818 1037 esse
843 962 1025 1061 pollicitus
1049 977 1114 1035 est.
1144 962 1219 1037 Sed
1241 964 1366 1038 fidem

259 1116 339 1165 non
370 1090 498 1187 solrit3'
536 1114 608 1165 nec
638 1088 850 1163 adversariis
881 1089 962 1188 eius
994 1088 1088 1193 quid
1119 1088 1255 1162 lactum
1286 1090 1362 1185 sit,

259 1215 375 1312 magis
398 1212 514 1289 hodie
539 1214 746 1311 ignoratur,
779 1236 891 1309 quam
917 1235 993 1309 quo
1016 1209 1133 1285 codex
1155 1212 1363 1285 Tolosanus

176 1342 182 1349 ’
260 1338 338 1435 ipse
363 1337 577 1435 pervenerit.
626 1320 710 1412 Mox
733 1336 774 1409 in
797 1335 1042 1433 provinciam,
1066 1360 1089 1409 a
1109 1337 1262 1409 Possino
1287 1335 1361 1408 de-

260 1476 416 1556 sertam,
445 1459 616 1533 successit
647 1457 799 1557 quidem
817 1457 972 1531 Carolus
994 1460 1221 1557 Ducangius,
1245 1461 1357 1557 longe

262 1586 430 1658 omnium
437 1637 450 1680 ,
476 1585 541 1683 qui
566 1583 624 1657 his
646 1584 775 1657 litteris
801 1608 951 1681 operam
971 1596 1160 1678 navaumt,
1184 1608 1270 1656 meo
1296 1584 1355 1657 iu·

262 1709 380 1803 dicio,
404 1709 594 1807 princeps:
620 1710 698 1808 qui,
721 1710 752 1779 si
774 1722 876 1779 tanta
896 1732 982 1780 cura
1002 1708 1214 1805 ingeniique
1238 1708 1354 1780 leliei·

259 1846 333 1905 tate
357 1834 398 1906 in
421 1833 654 1931 castigatione
675 1834 872 1906 verbonrm
898 1829 1128 1925 elaborasset,
1153 1844 1291 1928 quauta
1312 1832 1352 1903 in

224 1958 371 2029 ‘rebus
396 1956 618 2055 explicandis
636 1970 796 2031 versatus
814 1969 868 2028 est
875 2009 888 2050 ,
911 1955 1005 2027 nihil
1028 1953 1230 2027 admodum
1254 1954 1354 2048 aliis,

260 2079 379 2177 quod·
394 2095 554 2183 agerent,
576 2082 766 2153 relicturus
785 2081 893 2153 luisse
910 2079 1103 2153 rideretur.
1153 2079 1286 2150 Verum
1311 2080 1356 2173 is,

260 2205 335 2277 sire
361 2206 610 2295 incrumentis
634 2206 682 2280 ad
708 2231 790 2280 cam
814 2230 893 2302 rem
917 2204 1127 2276 necessariis
1142 2203 1354 2298 destitutus,

165 2396 174 2415 ,
260 2333 336 2406 sire
358 2306 468 2406 etiam
500 2330 605 2433 quod
623 2334 776 2406 omnino
807 2331 982 2428 acritica¹
1007 2330 1196 2403 severitate
1227 2332 1351 2428 paullo

261 2456 417 2530 alienior
452 2471 547 2551 crat,
576 2467 695 2529 textus
725 2454 1021 2529 emendationem
1046 2454 1140 2529 adeo
1165 2480 1244 2527 non
1269 2469 1353 2527 ten·

260 2578 368 2673 tavit,
392 2593 434 2651 ut
452 2580 497 2651 'in
522 2580 653 2677 amplis
677 2580 746 2653 illis
769 2593 807 2651 et
835 2578 1037 2685 magnificis
1070 2577 1258 2653 doctrinae
1291 2603 1354 2651 ex·

261 2702 519 2798 quisitissimae
542 2703 680 2800 copiis,
706 2726 799 2801 quas
830 2701 879 2776 ad
908 2701 1117 2777 alexiadem
1151 2700 1353 2775 ornandam

259 2822 440 2899 Cinnamo
476 2848 542 2898 suo
580 2826 784 2923 subiunxit,
807 2826 867 2901 rix
896 2827 1025 2900 decem
1054 2828 1156 2899 locos
1172 2827 1353 2925 reperias,

261 2950 301 3061 ipa
324 2944 459 3047 quibus
484 2950 600 3023 critici
622 2976 775 3025 munere
798 2952 977 3049 fungatur.

360 3074 413 3145 lta
438 3098 522 3147 cum
545 3088 665 3147 totum
690 3074 907 3148 recensendi
932 3074 1119 3174 negotium
1153 3077 1246 3149 mihi
1266 3078 1352 3149 reli·

259 3207 359 3267 ctum
385 3211 478 3270 esset
502 3199 702 3296 integrum,
732 3213 816 3271 ante
840 3199 963 3271 omnia
987 3201 1166 3272 librorum
1191 3200 1351 3273 subsidia

259 3319 537 3419 circumspicere
562 3322 687 3419 coepi,
712 3324 847 3421 quibus
866 3336 1005 3397 textum
1029 3349 1053 3397 a
1075 3324 1238 3419 maculis,
1261 3350 1351 3422 quas

260 3466 305 3512 ex
329 3442 472 3516 diutino
504 3446 576 3519 situ
606 3449 738 3519 multas
767 3447 957 3547 variasque
991 3449 1116 3543 traxit,
1144 3431 1348 3546 purgarem.

260 3562 326 3636 Cui
358 3566 559 3665 desiderio,
594 3594 670 3668 quo
706 3571 828 3643 minus
862 3595 930 3668 per
963 3568 1142 3645 Alexiadis
1178 3568 1348 3644 codicum

259 3689 479 3785 paucitatem
512 3716 657 3791 sperare
692 3694 811 3788 licuit,
843 3694 922 3765 fore
952 3707 994 3765 ut
1027 3696 1150 3793 aliqua
1179 3715 1222 3765 ex
1246 3706 1348 3791 parte

257 3812 488 3899 satisfieret,
513 3841 558 3889 co
583 3818 717 3916 gratius
742 3817 896 3911 accidit,
924 3831 968 3890 ut
1005 3820 1167 3893 criticam
1192 3818 1347 3915 supelle-

257 3936 378 4007 ctilem
409 3939 648 4035 nanciscerer,
674 3965 770 4038 quae
784 3940 832 4014 ad
858 3942 989 4014 iustam
1016 3940 1230 4037 editionem,
1254 3964 1346 4039 qua·

258 4057 330 4131 lem
355 4058 571 4155 meditabar,
595 4064 786 4139 suffectura
811 4062 1005 4139 videretur.
