3042 4909
309 334 374 395 XL*
704 330 821 392 PETRI
848 327 1002 391 Posstttt

308 501 449 561 sententia
461 500 623 559 rucessurio
635 499 863 582 reliquasaeta
876 510 927 569 est,
941 518 1003 580 qua
1013 497 1216 557 decernerem:
1231 508 1397 558 contemne

308 608 429 689 quidem
461 608 611 669 Graecum
637 606 731 687 plane
762 609 902 667 iutuemur
931 607 1123 689 relinquere.-
1163 624 1202 663 ne
1232 605 1398 683 manffmtis

307 716 428 799 quidem
453 710 640 775 solicitaudis
662 714 797 789 mendis,
827 712 974 797 quamdiu
994 732 1086 773 uerae
1112 714 1249 773 lectionis
1255 709 1399 791 firndum

237 902 239 907 k
305 844 365 885 nou
385 823 520 883 lraberem
540 821 670 881 maioris
691 822 882 901 antiquitatis
901 834 930 879 et
950 820 1123 880 autoritatis
1138 820 1282 879 codicem.
1303 832 1400 880 totam

309 947 383 991 trero
404 930 585 989 indratriam
607 931 639 989 in
671 930 875 990 elaboratione
895 928 1025 987 Latinae
1041 928 1188 987 versionis
1210 946 1396 1010 expromere,

304 1060 374 1123 qua,
395 1038 519 1114 iuditio,
541 1037 668 1120 siquod
687 1049 770 1110 esset,
795 1055 834 1097 ae
859 1035 1023 1117 diligentia
1042 1036 1077 1095 in
1096 1034 1296 1096 subsidiorum
1315 1033 1397 1119 defi-

303 1148 441 1205 aientium
465 1144 563 1204 loarm
583 1144 794 1226 subrogandis,
813 1144 975 1226 explendis
996 1144 1132 1219 hiatibus,
1148 1142 1335 1223 commendis
1352 1163 1397 1203 ea

303 1254 479 1314 coniectura
498 1253 618 1313 uitiosis
636 1254 720 1328 loeis,
745 1252 843 1313 modrs
861 1251 990 1335 denique
1008 1252 1144 1312 omnibus
1164 1253 1285 1335 assequi
1300 1270 1397 1311 eona·
1443 1231 1446 1238 ¹

305 1382 364 1437 rer,
386 1374 420 1420 ut
438 1362 521 1421 uitat·
536 1360 737 1441 primigenius
760 1360 862 1443 Operi
872 1360 1090 1444 pulcherrimo,
1109 1359 1214 1443 quoad
1226 1380 1285 1443 per
1305 1359 1396 1441 qnia-

305 1489 361 1552 que
382 1468 565 1529 saeculorum
585 1469 766 1551 squalorem,
787 1480 818 1528 et
835 1467 1006 1529 exitiabiles
1018 1467 1279 1547 infestissimomm
1298 1468 1397 1525 omna

304 1577 422 1657 generis
450 1594 572 1636 castutm
601 1576 731 1635 iniurias
756 1576 869 1652 liceret,
893 1575 1040 1635 tomenta
1062 1574 1191 1634 editione
1211 1572 1393 1633 reddereutr.

303 1682 356 1743 En
375 1682 454 1765 quid
471 1682 630 1761 voluerim,
648 1704 705 1767 quo
717 1682 852 1744 studium
875 1695 905 1743 et
923 1695 1062 1741 comtum
1083 1682 1271 1740 intenderim.
1313 1678 1396 1739 Nam

304 1790 410 1871 reipsa
430 1788 504 1872 quid
520 1792 720 1872 perfecerim,
741 1811 802 1850 non
831 1806 920 1849 meae
936 1788 1151 1871 professionis,
1172 1800 1257 1862 urae,
1279 1787 1394 1861 Lector,

304 1899 459 1957 sentemrae
478 1898 611 1983 definitio
631 1910 684 1957 est.
738 1896 830 1957 cous
849 1910 882 1957 ut
908 1916 969 1955 non
990 1893 1146 1955 'eblandiri
1173 1898 1277 1974 gratia
1290 1898 1396 1973 fauo·

304 2026 389 2081 rem‚·
408 2007 455 2065 ita
476 2026 530 2065 neo
549 1998 708 2085 deprecari
727 2004 851 2066 abiecta
870 2003 1054 2069 demissione
1071 2005 1281 2063 sevrrtruem:
1302 2003 1394 2063 multo

304 2126 402 2175 aretem
427 2116 523 2174 minus
549 2116 718 2175 contumaci
736 2113 919 2197 pervicacia
947 2109 1101 2194 refragari
1124 2127 1266 2170 oertsurae
1287 2112 1393 2171 uelim.

308 2234 391 2281 utere
413 2235 446 2282 ut
463 2222 535 2282 libet
553 2224 618 2281 iure
638 2234 730 2305 atque
748 2221 878 2283 arbitrio
896 2217 981 2303 quod
991 2218 1047 2279 tibi
1063 2238 1129 2298 ega,
1149 2219 1202 2278 trel
1218 2220 1248 2277 si
1264 2240 1325 2279 non
1339 2240 1398 2302 per

220 2399 227 2421 Ι
304 2351 336 2389 se
355 2340 534 2411 suppeteret,
558 2328 637 2395 ultro
656 2330 802 2408 largirer,
819 2326 971 2407 probandi
1001 2325 1294 2411 reprebendendique
1313 2326 1398 2411 quod

305 2435 428 2515 dignum
448 2437 581 2501 duxeris.
603 2434 758 2497 Paratum
779 2454 845 2495 eoae
863 2454 912 2494 me
930 2434 964 2495 in
983 2436 1131 2495 utrumuis
1151 2436 1257 2509 babet,
1275 2447 1304 2495 et
1322 2454 1395 2519 quo-

304 2562 425 2627 cumque
444 2544 512 2603 alea
528 2544 672 2617 uerterit,
697 2542 821 2623 proviso
845 2553 964 2624 receptu
984 2542 1166 2624 quieturum.
1211 2542 1395 2627 Gratqieari

302 2649 421 2730 publiea
442 2648 535 2722 uolui,
560 2650 676 2709 ser-rire
695 2650 819 2723 amieis,
838 2646 964 2733 obsequi
981 2651 1062 2709 uiris
1081 2651 1220 2731 magnis:
1243 2650 1395 2711 urbantate

303 2774 342 2815 ae
350 2754 423 2837 fide
442 2755 561 2836 optima
579 2756 612 2815 in
630 2756 749 2837 negotia
775 2768 912 2817 uersutia
929 2776 1005 2820 sum.
1045 2758 1110 2819 Hie
1127 2778 1256 2841 semper,
1274 2768 1394 2818 uterum-

302 2879 358 2944 que
379 2861 449 2921 alia
466 2862 635 2940 ceciderint,
655 2864 862 2925 conscientiam
882 2867 1058 2929 sustentabit
1070 2868 1203 2946 sacena.
1246 2865 1322 2928 Peto
1342 2878 1394 2925 ta·

301 2986 383 3044 men,
404 2968 441 3029 id
457 2968 542 3053 quod
560 2972 726 3052 aequitatis
748 2985 792 3033 est
808 2986 885 3049 tuae,
910 2993 948 3033 ne
964 2975 1148 3056 praecipites
1168 2988 1269 3035 atrum
1287 2974 1394 3033 caltu-

302 3076 368 3137 lum
388 3076 433 3136 ad
450 3079 593 3161 quamvis
611 3080 794 3163 reprimam
813 3079 987 3160 offerentem
1005 3086 1131 3165 speciem
1151 3084 1273 3165 eulpae.
1315 3082 1394 3141 Fere

301 3202 366 3244 narr
391 3184 533 3266 primas3
560 3205 601 3247 ae
621 3207 659 3247 ne
679 3187 827 3247 secundas
852 3188 975 3273 quidem
993 3208 1093 3271 saepe,
1116 3208 1194 3274 quas
1213 3189 1306 3267 vulgo
1324 3188 1393 3247 lau·

302 3288 386 3365 daur,
405 3292 595 3371 cogitationes
616 3292 736 3353 ebartae
755 3294 852 3355 illesi.
873 3308 908 3354 at
927 3315 1145 3381 nonnumquam
1162 3310 1284 3381 quartas
1301 3297 1391 3379 qain-

301 3408 398 3457 tasue.
441 3399 530 3459 Fieri
558 3411 656 3482 potest
682 3414 714 3461 ut
732 3400 818 3484 quod
842 3402 899 3463 tibi
914 3405 1050 3485 primam
1070 3404 1238 3465 advertenti
1257 3404 1391 3464 animum

303 3504 337 3563 in
356 3518 480 3565 mentem
501 3509 627 3581 venerit,
642 3528 679 3568 ne
693 3528 740 3568 me
759 3508 884 3590 quidem
905 3512 1001 3594 ipsum
1011 3512 1150 3591 firgerit:
1172 3524 1321 3571 caeterum
1337 3528 1391 3589 ego

299 3608 384 3670 iilud
401 3612 491 3673 alteri
508 3614 641 3675 nondum
668 3614 723 3675 tibi
742 3615 960 3679 anr'rrsaduerso
983 3618 1229 3700 posthabuerim3
1251 3632 1279 3678 te
1297 3618 1391 3699 paria

298 3714 414 3779 tauro
434 3720 463 3779 si
483 3721 527 3781 ibi
547 3741 630 3799 esses,
650 3722 817 3803 probatura
835 3725 907 3808 quin
925 3727 1023 3785 etiam
1033 3726 1085 3785 ubi
1105 3729 1286 3805 cognoveris.
1330 3724 1390 3785 Co-

298 3842 439 3903 gnoscere
469 3842 568 3889 autem
591 3830 704 3913 poteris
735 3830 894 3915 quaedam
925 3832 1047 3917 quidem
1066 3855 1083 3893 e
1105 3834 1283 3911 Glossario,
1302 3834 1388 3914 louge

295 3930 387 4013 plura
407 3952 423 3991 e
451 3932 555 4013 Notis3
575 3958 698 4021 quorum
723 3940 804 3999 illud
822 3960 901 4000 nunc
921 3940 1046 4017 damm5
1066 3942 1124 4001 bas
1141 3943 1269 4001 retinere
1288 3940 1388 4001 attae

298 4040 453 4118 cogimur,
470 4044 567 4125 paulo
588 4039 656 4129 post
679 4065 746 4107 cum
771 4048 826 4107 tibi
851 4061 942 4140 grato
959 4048 1137 4131 publiceque
1156 4049 1225 4109 utili
1242 4048 1387 4109 auctario

297 4144 479 4209 reddendas.
535 4152 663 4235 Quando
689 4155 831 4215 rrr‘rnirum
860 4155 973 4217 Annae
1004 4168 1140 4233 nostrae,
1175 4174 1266 4238 quam
1299 4153 1388 4217 modo
