3042 4909
527 336 760 403 uuutcnuo.
1067 340 1178 406 XXXV

79 508 260 597 tr‘qarqim
317 506 460 591 Denique
490 508 615 570 interim
650 509 742 570 bitem
775 516 945 591 erunrpunt
966 505 1176 592 indignantem

78 616 249 681 exurdato
271 614 411 677 barbarie
421 615 532 699 palato
551 636 611 677 non
630 618 762 699 sapuisse
783 618 916 677 rufinam
929 617 1070 679 Amara.
1094 619 1180 680 flacc

80 737 116 788 et
141 726 210 789 eius
232 725 353 808 generis
375 706 495 785 caetera
515 730 737 807 praeterquam
757 720 894 805 longum,
914 724 1008 786 etiam
1026 745 1084 787 nec
1103 726 1178 787 milri

79 842 287 918 promptum,
312 840 344 893 et
362 830 479 914 alioqui
499 831 582 893 exitu
612 852 723 912 anceps
744 831 839 892 fucrit
861 830 938 893 velle
957 832 1118 915 purgando
1141 854 1192 893 ac.

79 967 151 1026 pro
173 964 225 1005 me
259 941 392 1005 dicendo
423 939 574 1003 refellere.
623 942 790 1025 Nunquam
819 942 962 1024 equidem
990 944 1073 1003 soleo
1103 944 1179 1003 mitri

81 1052 181 1115 nimis
202 1050 355 1114 tribuere.
406 1050 481 1133 quin
503 1046 580 1111 adeo
610 1050 797 1132 plerumque
816 1049 880 1132 ipse
898 1050 971 1111 mibi
991 1072 1103 1133 parum
1124 1073 1178 1111 ac.

82 1180 169 1243 quus
197 1146 285 1233 sum}
316 1158 434 1241 quippe
455 1158 568 1242 ingenii
599 1178 635 1219 ac
660 1158 814 1219 facultatis
849 1168 966 1242 quanta
986 1160 1025 1221 sit
1044 1150 1177 1221 tenuitas

83 1268 230 1349 conscius
255 1267 382 1345 animus,
404 1264 516 1329 iudicia
544 1265 838 1347 reprehendentium
859 1265 908 1329 rel
928 1266 1040 1350 excipit
1059 1284 1179 1329 assensn

81 1374 184 1453 facili,
204 1378 253 1437 vel
274 1374 361 1437 ultro
377 1374 592 1437 consciscenda
608 1395 739 1437 censura
756 1384 976 1457 praeoccupat.
999 1394 1083 1435 nuno
1101 1397 1178 1437 vero

82 1485 183 1547 etiam
204 1484 369 1567 plusquam
390 1483 461 1544 alias
482 1480 694 1560 malmetun,
715 1504 754 1545 ne
767 1480 841 1544 alibi
859 1482 916 1560 vis,
934 1482 1008 1543 aldai
1030 1504 1089 1562 ars,
1106 1481 1178 1543 alibi

84 1592 220 1655 felicitas
251 1592 398 1675 satagenti
434 1589 509 1653 licet
546 1589 621 1651 mihi
649 1592 827 1675 frustraque
859 1591 1000 1652 molienti
1031 1589 1177 1653 defuerit.

85 1700 304 1779 Quamobrem
325 1696 444 1783 singula
466 1697 588 1761 obieeta
607 1698 632 1759 si
647 1719 823 1782 persequar,
845 1697 996 1782 quaedam
1013 1698 1098 1759 forte
1116 1700 1179 1760 sint

84 1810 202 1892 quibus
223 1807 374 1871 diluendis
395 1828 451 1869 neo
465 1824 613 1884 coronae·
631 1827 689 1869 nec
710 1806 862 1871 iudicibus
881 1806 1074 1885 satisfaciam,
1095 1827 1177 1868 non.

86 1917 175 1979 nulla
197 1918 291 1979 etiam
313 1915 474 2000 inquibus
494 1915 665 1977 accusatori
688 1936 757 1977 reus
775 1923 888 1997 sponte
907 1914 1057 1977 confitens
1077 1917 1179 1997 palam

87 2024 161 2087 dem
182 2047 300 2087 manus.
342 2025 539 2086 Innocentius
556 2046 641 2087 meae
663 2033 766 2087 tamen
787 2032 819 2086 et
834 2023 907 2087 fidei
918 2021 979 2085 boc
998 2024 1031 2083 in
1052 2023 1177 2105 negotio

87 2135 229 2217 optimae
252 2153 316 2193 non
338 2152 355 2193 a
376 2133 644 2198 criminationibus
667 2133 761 2215 magis
782 2131 886 2195 alienis
908 2152 1001 2217 wem
1022 2132 1060 2191 ab
1086 2130 1177 2211 ipsius

86 2244 150 2304 mei
171 2242 358 2303 morositate
377 2238 481 2301 iudicii
502 2239 723 2323 periclitantis,
746 2260 785 2301 ne
805 2241 926 2323 ponitus
947 2262 1069 2301 cansam
1089 2239 1178 2300 dese·

87 2370 167 2424 ram,
185 2346 398 2431 profitendum
419 2347 469 2408 hic
483 2358 537 2424 est,
561 2368 610 2409 me
625 2356 703 2409 nutu
719 2366 755 2407 ac
768 2346 850 2409 iussu
861 2356 918 2408 tuo
937 2353 1079 2429 suscepta
1097 2366 1176 2427 pro.

88 2458 191 2517 vincia
213 2477 307 2539 quam
328 2454 453 2517 minime
475 2454 555 2517 male
578 2455 700 2537 defungi
721 2453 880 2533 studuisse,
902 2453 933 2513 in
956 2475 993 2516 eo
1016 2475 1074 2515 nec
1094 2462 1174 2514 tem-

86 2565 159 2645 pori
183 2585 241 2626 nec
261 2564 380 2639 labori,
410 2583 467 2625 uec
495 2562 687 2625 contentioni
708 2560 884 2645 pepercisse
906 2582 1054 2643 unquam.
1093 2560 1174 2621 Suc-

86 2694 185 2735 maur
207 2670 276 2756 quis
298 2672 423 2734 tandem
446 2672 570 2733 conatui
584 2669 791 2754 responderit,
817 2677 854 2731 nt
875 2669 1095 2753 producendae
1116 2690 1173 2731 nc-

88 2782 262 2865 quidquam
282 2780 384 2842 multis
398 2778 565 2864 clepsydris
580 2779 740 2862 apologiae
753 2778 967 2861 compendium
987 2798 1051 2839 uno
1072 2777 1171 2838 verbo

85 2874 204 2967 faciam,
226 2891 274 2951 tui
289 2890 361 2951 Vra
380 2890 556 2967 Murrus,
580 2888 697 2967 iudicii,
717 2890 764 2949 tui
784 2888 908 2951 arbitrii
924 2908 970 2949 res
983 2895 1058 2950 esto.
1080 2908 1171 2948 nomo

87 2999 147 3059 erit
169 2997 311 3059 omnium
337 3002 393 3075 (sat
421 2998 495 3073 scio)
526 3008 590 3059 tam
613 2996 762 3079 'pervicax
793 2996 846 3078 qui
873 2997 897 3056 si
916 2996 1017 3057 minus
1036 3005 1171 3079 propter

86 3106 305 3191 amplissimum
333 3107 569 3191 magistratum,
604 3126 667 3190 quo
698 3106 773 3167 iuris
808 3112 840 3167 et
858 3104 950 3188 aequi
970 3102 1167 3165 moderamen

85 3216 156 3277 Tibi
179 3236 332 3277 summum
344 3214 530 3277 attributum
543 3225 597 3303 est,
618 3225 702 3277 certe
716 3223 851 3297 propter
866 3205 1051 3274 notissimam
1066 3211 1169 3272 omni-

85 3324 151 3401 bus,
177 3332 209 3386 et
229 3326 314 3386 ultra
335 3324 427 3386 etiam
448 3344 543 3407 qnam
565 3318 689 3407 imperii
709 3322 783 3384 fines
796 3321 905 3384 GalIIci
925 3322 1094 3403 pertinent,
1118 3339 1169 3381 ce·

84 3432 202 3493 lebrcm
225 3452 263 3491 ao
282 3432 490 3493 venerabilem
520 3432 715 3514 aequitatem,
735 3427 880 3491 doctrina
901 3429 987 3490 varia
1007 3426 1168 3509 omnisque

84 3540 204 3621 generis
224 3538 373 3621 sapientia
406 3540 600 3607 coniunctam
611 3584 621 3617 ,
652 3559 716 3599 non
743 3548 816 3601 tuae
834 3536 975 3601 standum
995 3534 1168 3598 definitioni

84 3656 192 3729 putet:
214 3670 265 3711 me
287 3648 412 3733 quidem
428 3650 502 3731 ipso,
525 3667 722 3732 quocumque
741 3648 807 3713 alna
826 3646 967 3724 verterit,
989 3645 1068 3707 adeo
1089 3643 1165 3705 nihil

84 3766 195 3819 contra
217 3766 387 3839 excepturo
408 3757 457 3818 vel
469 3768 695 3840 provocatum,
715 3764 751 3819 ut
771 3757 1015 3838 subscriptorem
1027 3751 1165 3835 adstipu-

84 3862 279 3948 latoremque
299 3865 518 3948 cuiuscumque
538 3862 640 3929 sensus
661 3865 709 3925 tui
729 3864 790 3925 iam
811 3863 885 3924 bino
904 3864 988 3923 ultro
1008 3860 1164 3945 pollicear.

82 3970 128 4034 Te
147 3972 214 4035 fere
237 3972 269 4033 in
291 3972 455 4035 scribendo
474 3973 649 4055 spectabam
670 3972 770 4047 unice,
790 3970 850 4034 tibi
869 3992 919 4033 me
937 3970 1087 4053 fingebam
1104 3990 1164 4051 pa·

84 4078 268 4163 rabamquea
289 4080 345 4143 tibi
368 4082 393 4141 si
425 4080 535 4164 placui,
560 4064 688 4143 abunde¹
709 4079 858 4143 mercedis
880 4090 934 4147 ert.
975 4102 1045 4141 uam
1066 4100 1163 4161 prac-
1202 4140 1211 4150 „

85 4194 227 4270 terquam
260 4188 344 4271 quod
372 4188 467 4253 landis
497 4189 638 4273 publicae
664 4188 909 4273 praeiudicium,
939 4188 1031 4252 favor
1058 4196 1162 4249 tantae
