3042 4909
532 333 765 397 censoaria.
1062 337 1186 397 xxxru
1248 408 1253 420 ,

102 504 143 567 lril
166 504 199 563 in
222 501 341 580 Gallia,
371 500 449 565 nihil
472 503 503 565 in
527 505 706 584 Germania,
728 502 804 565 nihil
825 504 944 587 uspiam
963 502 1188 587 cisalpinarum

99 613 237 694 gentium
268 609 335 693 spei
361 618 415 671 aut
435 610 578 693 praesidii
601 612 640 673 ad
658 615 778 673 Annam
802 632 875 689 esse,
892 612 923 672 in
946 613 1064 673 ltaliam
1083 622 1186 675 trans.

100 722 212 799 volas,
234 719 354 781 Romae
374 740 440 781 reru
462 738 574 799 curas,
604 722 786 781 accersitum
805 719 878 783 iude
899 719 1044 783 Codicem
1066 722 1186 783 Bittio.

99 828 209 890 thecae
228 826 418 889 Barherinae
437 847 500 887 non
523 826 676 909 optimum
691 836 745 889 aut
763 827 996 909 integerrimum
1015 829 1103 891 illum
1114 830 1188 914 qui-

99 936 180 1013 dem,
202 945 307 997 tamen
339 934 492 996 eiusmodi
513 955 576 1019 qao
600 936 761 1017 Interpres
797 956 860 997 non
887 937 999 1014 hebes,
1019 959 1077 999 nec
1095 940 1189 1021 plane

96 1043 263 1125 imperitas
285 1043 440 1104 consolari
462 1042 648 1105 desiderium
662 1041 799 1105 melioris
812 1052 925 1125 posset,
944 1066 1014 1105 cum
1039 1044 1188 1106 nonnulla

97 1152 211 1212 fiducia
233 1172 352 1235 operae
373 1149 548 1223 navandae3
575 1150 711 1228 allatum,
731 1151 867 1234 inquam,
890 1150 929 1211 ad
951 1162 983 1213 te
1002 1154 1101 1215 Roma
1121 1154 1188 1215 Lu.

97 1262 206 1321 tetiam
228 1259 382 1321 eiusmodi
403 1258 542 1327 codicem
562 1260 603 1321 ad
625 1282 674 1321 me
696 1259 841 1321 Tolosam
862 1258 968 1321 mittis.
1010 1260 1110 1321 Affiris
1126 1262 1187 1321 im.

95 1368 287 1449 plicitusqne
309 1377 484 1427 temeram
506 1367 587 1427 curis
608 1376 691 1443 toto,
713 1367 812 1429 atita
834 1366 953 1442 dicam,
976 1365 1061 1428 caelo
1082 1366 1188 1428 diver.

94 1478 156 1555 sis3
178 1496 280 1558 neque
301 1475 337 1539 iis
361 1484 414 1536 ant
436 1496 566 1535 numero
588 1475 702 1555 paucis,
723 1484 778 1536 aut
799 1496 912 1557 genere
935 1474 1064 1536 levibus.
1107 1476 1189 1536 Hinc

96 1586 237 1661 Marcus,¹
255 1583 426 1667 Lucasque,
448 1582 606 1645 Matthaco
624 1583 685 1643 iam
716 1583 858 1665 perfecto
878 1584 1062 1666 promissam
1092 1603 1188 1665 repo·

94 1693 224 1753 scebant
247 1712 386 1773 operam.
428 1689 560 1753 Aliunde
581 1690 701 1751 divinae
725 1683 848 1753 litterae
868 1691 1077 1773 professorem
1100 1712 1190 1751 suum

94 1804 167 1863 inre
190 1822 284 1861 manu
307 1810 484 1863 consertum
506 1800 655 1863 tenebant
676 1820 715 1861 ne
736 1799 776 1861 ad
795 1797 949 1862 hnmanae
969 1799 1118 1861 historiae
1139 1799 1189 1859 in-

96 1909 353 1991 terpretationem
383 1907 612 1970 descenderem.
663 1905 808 1991 Denique
835 1917 926 1989 cepta
958 1907 1037 1968 varii
1068 1909 1189 1990 generis

96 2016 260 2098 complura
283 2014 448 2077 clausulam
479 2014 748 2099 colophoncmque
772 2012 964 2097 flagitabant.
1007 2014 1092 2091 Quid
1114 2036 1188 2097 age-

98 2123 186 2185 rem?
227 2131 281 2184 tua
308 2124 467 2184 lliecaenas
499 2121 580 2183 haud
602 2122 703 2183 mollia
724 2124 810 2184 iussa.
863 2121 995 2183 induciis
1017 2132 1188 2203 utcumque
1289 2160 1293 2168 ·

93 2232 290 2313 impetratis;
318 2241 350 2291 et
370 2230 456 2312 quasi
486 2230 524 2291 ab
547 2230 780 2313 urgentioribus
812 2229 1006 2291 creditorum
1025 2250 1115 2290 mora
1136 2252 1188 2292 so.

93 2338 222 2399 lationis
245 2346 380 2414 exorata,
403 2345 505 2399 totum
528 2341 633 2399 Annae
653 2357 704 2397 me
727 2334 834 2412 tribui,
857 2343 960 2396 totum
981 2335 1132 2418 impendia
1154 2347 1186 2398 et

94 2454 197 2507 totum
219 2446 262 2506 ita
284 2464 332 2505 res
354 2444 500 2527 poscebat
516 2455 551 2506 ut
567 2465 623 2506 nec
639 2452 720 2505 tolus
738 2441 918 2505 sufficerem.
962 2445 997 2503 ln
1017 2444 1186 2525 scriptione

93 2554 207 2635 passim
240 2554 361 2613 incerta
391 2553 569 2633 exemplaris
596 2553 798 2613 tumultuaria
817 2550 1183 2614 collationc.concinnati

92 2661 277 2723 coniectura
299 2670 331 2723 et
350 2661 523 2743 suspicione
544 2660 693 2721 utendum
713 2659 898 2743 plurimum.
939 2661 1081 2721 Lacenae
1100 2657 1183 2720 divi.

93 2767 271 2831 nationibus
292 2768 489 2851 supplendae.
532 2767 710 2829 Cavendum
732 2789 771 2830 ne
793 2766 883 2849 longe
905 2767 1097 2830 ornatissima
1119 2767 1183 2827 Co.

90 2897 224 2939 maenae
244 2876 348 2937 oratio
379 2877 471 2939 nimis
492 2876 644 2960 inaequali
672 2876 811 2938 versioni
830 2874 957 2938 Latinae
978 2896 1182 2957 comparare-

91 2995 162 3058 tur;
184 3006 249 3045 non
271 2984 388 3046 minori
408 2984 530 3047 fastidio
552 2984 752 3067 consilioque
767 2983 941 3064 oculorum,
963 2983 1098 3066 quamsi
1119 2981 1181 3043 ho-

91 3093 237 3153 losericus
257 3091 328 3153 viva
347 3113 490 3175 purpura
504 3094 605 3155 lucens
619 3112 738 3175 pannas
760 3110 848 3152 sacco
872 3088 994 3151 cilicino
1016 3100 1071 3151 aut
1090 3089 1178 3171 pullo

91 3201 219 3261 cantoni
234 3208 417 3263 assueretur.
438 3200 618 3263 Verendum
631 3221 671 3261 ue
692 3198 790 3282 (quod
803 3219 916 3281 parum
930 3197 1039 3259 vitasse
1059 3195 1179 3279 aliquos

91 3308 219 3392 querela
238 3307 409 3389 multorum
429 3312 483 3386 est)
505 3306 795 3391 interpretationem
816 3306 956 3369 Latinam
976 3306 1112 3367 facerem
1133 3306 1177 3363 si.

88 3414 193 3478 milem
213 3414 324 3477 setacei
346 3402 485 3493 cribelli}
516 3414 602 3499 quod
630 3414 777 3477 immissae
806 3414 837 3474 in
866 3412 1025 3476 ceruicula
1057 3410 1177 3472 farinae

90 3522 201 3597 florem
214 3522 316 3605 ipsam
335 3544 370 3583 ac
390 3544 504 3605 purum
517 3522 665 3605 pollinem
683 3521 876 3602 transmittit,
895 3520 1029 3581 furfures
1050 3539 1087 3579 ac
1106 3538 1175 3578 sor-

90 3630 143 3691 des
165 3651 266 3691 meras
295 3630 410 3693 retinet
440 3639 472 3692 ct
492 3630 625 3693 exhibet.
671 3627 719 3690 Ad
738 3629 817 3691 haec
839 3628 989 3711 quoniam
1010 3626 1040 3687 in
1065 3625 1175 3688 Caesa-

89 3737 181 3799 rissae
201 3736 348 3799 familiam
379 3738 502 3801 nomine
522 3748 616 3821 atque
645 3745 861 3799 autoramento
881 3734 1063 3817 interpretis
1085 3743 1174 3795 tran-

88 3845 268 3919 scribebar3
294 3845 427 3907 tenenda
451 3845 494 3906 vis
526 3832 614 3906 huius
637 3844 739 3922 officii,
762 3842 849 3927 quod
868 3843 959 3926 quale
976 3842 1025 3919 sit,
1046 3861 1082 3903 ex
1101 3863 1173 3901 mu-
1241 3831 1249 3845 ’

88 3950 144 4014 niis
165 3952 302 4014 eiusdem
322 3952 451 4035 generis,
474 3951 694 4034 principalium
713 3951 885 4012 scribarum
910 3957 943 4011 et
961 3947 1172 4031 palatinorum

89 4058 408 4123 commentariensium
431 4068 535 4143 potest
556 4058 694 4143 intelligi.
736 4058 775 4119 lis
796 4058 893 4141 Reges
909 4055 1105 4139 Reginaeque
1125 4054 1171 4115 oti

88 4166 187 4228 solent
216 4165 256 4227 ad
283 4166 461 4230 scribendas
488 4188 562 4249 qaas
592 4186 843 4251 quoquoversum
868 4162 1017 4225 missitant
1043 4161 1169 4236 litteras,

937 4286 976 4315 ‘m

155 4296 238 4347 Arana
257 4292 403 4347 comnena.
