3042 4909
252 284 350 354 XXVI
580 284 779 355 tooovl‘ct
804 289 1007 355 SCHOPENi

254 432 341 505 alibi
361 432 536 531 loquitur,
559 434 710 511 velutin
720 432 871 507 Praeiat.
883 441 920 530 p.
935 428 974 526 4,
989 436 1046 505 13.
1072 423 1131 501 δεῖ
1151 425 1219 527 γὰρ
1242 422 1363 526 ἐξορ-

251 560 411 654 χεῖσθαι
444 560 588 645 ταῦτα,
618 556 679 627 καὶ
712 558 755 627 οὐ
785 549 1069 653 περιαυτολογία
1097 549 1145 621 τὸ
1177 555 1356 648 πρᾶγμα.

252 680 332 754 vid.
358 680 538 753 Schaeier.
569 678 617 752 ad
646 678 762 777 Apoll.
789 678 908 752 nhod.
939 676 977 749 Τ.
997 676 1039 750 ΙΙ.
1065 700 1102 772 p.
1120 678 1207 748 918.
1256 675 1356 747 Mox

251 804 276 875 l.
293 812 348 874 11.
373 816 470 875 recte
500 802 538 873 Α.
573 803 724 873 institor.
781 800 948 873 Formnia
978 798 1103 871 Annae
1133 798 1280 894 usitota:
1311 824 1355 894 p.

254 928 406 1020 139,19.
432 928 518 1020 366,
532 931 566 999 3.
595 940 649 1021 et,
682 926 816 999 omisso
841 919 965 1018 ἔνθεν,
990 928 1077 1002 917,
1094 926 1151 995 18.
1178 918 1352 1015 411,13.

249 1042 410 1142 430,10.
484 1045 547 1144 40,
560 1053 595 1123 6.
620 1050 744 1122 malim
756 1042 975 1143 Βαρδάριον,
1002 1044 1105 1145 quod
1121 1046 1163 1119 Α.
1177 1047 1352 1142 praebet.
1410 1071 1415 1079 ·

249 1167 329 1243 vid.
359 1170 466 1245 Taiel.
497 1174 585 1247 Mne·
620 1174 732 1245 Rhen.
753 1174 793 1245 V.
811 1178 847 1244 2.
880 1199 917 1269 p.
934 1175 1033 1245 185.1
1091 1165 1233 1262 41,13.
1260 1174 1350 1250 τοῖς

250 1304 335 1365 onte
356 1276 471 1365 ἐκεῖθι
504 1322 582 1391 non
609 1294 819 1367 delendum.
893 1289 1031 1387 49,.16.
1065 1292 1185 1389 placet
1204 1291 1350 1365 conie-

249 1430 351 1490 ctura
374 1416 416 1489 G.
442 1415 647 1509 Dindorfii‚
671 1418 711 1489 in
734 1417 838 1489 Thes.
864 1416 990 1513 Steph·
1015 1414 1091 1488 vot
1107 1414 1148 1485 ll.
1173 1426 1211 1510 p.
1230 1414 1345 1485 1516.

151 1558 153 1561 ·
248 1566 316 1639 pro
342 1532 481 1611 διώκλα
504 1540 694 1612 scribentis
718 1534 907 1627 διώκλαζ.
982 1534 1044 1630 45,
1056 1542 1093 1609 9.
1115 1549 1199 1609 ante
1224 1536 1348 1631 μέσον

251 1662 424 1735 excidisse
456 1662 612 1737 videtur.
629 1666 689 1746 εἰς.
749 1666 791 1737 In
816 1690 898 1763 sqq.
932 1666 956 1736 l.
983 1670 1039 1735 19.
1075 1660 1346 1735 restituendum

248 1798 304 1858 est
323 1780 551 1881 διηγήσομαι.
602 1789 743 1863 [bidom
769 1791 792 1860 1.
808 1793 866 1863 16.
884 1815 951 1887 pro
970 1782 1034 1861 irc
1050 1788 1147 1860 bene
1170 1783 1211 1859 ὼ
1235 1777 1345 1857 εἶναι.

247 1901 378 1995 4913.
404 1932 472 2005 pro
508 1910 638 1983 vitioso
661 1917 741 1992 τοῖς
764 1911 853 2009 πρὸς
883 1912 978 2004 ἡμᾶς
1000 1907 1158 1983 emendo
1182 1906 1230 1979 τὸ
1250 1907 1343 2004 πρὸς

247 2031 353 2122 ἡμᾶς.
429 2036 560 2125 51,11.
586 2027 745 2127 ἄγεσθαι
770 2033 987 2107 mutandum
1006 2060 1138 2106 censeo
1161 2034 1201 2105 in
1225 2026 1343 2127 ἄρχε-

250 2154 358 2226 σθαι.
436 2157 497 2255 59,
514 2153 622 2253 itys
641 2158 723 2231 dele
744 2184 829 2232 cnm
842 2159 883 2231 A.
958 2165 1067 2256 31,1.
1085 2159 1248 2256 recipere
1273 2155 1342 2229 de-

248 2278 383 2349 bebam
415 2281 556 2376 τούτῳ,
592 2281 694 2379 quod
727 2284 768 2354 in
799 2282 835 2353 F.
868 2281 1005 2379 legitur.
1061 2281 1203 2377 Nempe
1225 2280 1341 2351 inter-

246 2400 419 2499 punctio,
443 2427 517 2498 que
541 2404 641 2477 locus
661 2404 824 2497 laborat,
846 2400 1118 2500 imprudentem
1138 2421 1204 2473 ¹me
1230 2400 1341 2472 dece-

246 2524 313 2620 pit.
339 2524 390 2593 lta
411 2523 624 2596 scribendus
654 2539 725 2597 este
758 2520 845 2597 οὐδὲ
877 2519 941 2595 διὰ
961 2526 1030 2606 τὴν
1053 2524 1342 2624 ὑποτρέχοοσαν

247 2641 430 2735 ὑποψίαν,
454 2640 514 2716 ὅτι
538 2648 660 2746 πατήρ
684 2651 785 2733 ἐστι,
810 2646 893 2747 περὶ
918 2642 963 2721 οὗ
988 2649 1266 2746 συγγράφομιν,
1289 2647 1341 2717 τὰ

246 2768 525 2867 κατορθώματα
549 2772 670 2867 τούτῳ
688 2768 1051 2873 παραδραμούμεῖια.
1077 2775 1120 2845 ln
1138 2797 1243 2870 seqq.
1269 2772 1292 2843 Ι.
1303 2777 1339 2844 3.

247 2910 345 2970 recte
372 2868 472 2967 ideni
504 2898 539 2969 F.
564 2898 719 2981 ταύτην.
745 2900 874 2972 Totam
899 2912 1021 2971 autem
1045 2898 1262 2973 sententiam
1287 2896 1341 2982 sic

249 3020 383 3093 scribe:
409 3017 492 3113 ἐμοὶ
512 3020 581 3119 γὰρ
602 3024 743 3106 ταύτην
768 3025 909 3121 ἐχούσῃ
927 3020 1083 3110 σκοπόν,
1109 3017 1248 3093 ἄνωθεν
1272 3044 1341 3089 κα-

248 3142 369 3245 θάπερ
393 3146 569 3227 πολλάκις
602 3152 751 3244 εἴρηται.
826 3149 889 3240 96,
903 3152 954 3220 3.-
972 3172 1016 3218 ex
1050 3146 1089 3217 Α.
1112 3146 1179 3238 μὲν
1212 3144 1338 3217 ascisci

133 3252 136 3259 ¹
252 3268 425 3362 oportuit.
476 3268 555 3341 vid.
580 3268 731 3366 Niceplo
745 3270 948 3366 Bryennll.
967 3295 1009 3365 p.
1022 3264 1083 3363 94,
1098 3252 1158 3340 162
1229 3270 1292 3363 98,
1304 3270 1338 3339 5.

249 3390 388 3487 corrige
419 3395 467 3489 τῇ
490 3386 529 3461 δὲ
555 3388 634 3483 μετ’
660 3390 798 3480 αὐτὴν,
835 3416 878 3463 ex
897 3392 1076 3465 constanti
1101 3389 1229 3462 Annae
1251 3415 1339 3462 usu:

248 3514 385 3609 p.11o,
402 3514 447 3584 5..
469 3508 556 3607 oto,
575 3509 632 3584 ιο.
666 3510 754 3607 ooo,
767 3518 801 3586 5.
833 3508 1177 3608 oro,1o.too‚oo.
1255 3517 1340 3605 too,

252 3639 308 3706 13.
333 3660 401 3731 pro
427 3632 686 3737 οἶφροντησὶαν
698 3635 933 3709 scribendum
959 3649 1014 3707 est
1037 3661 1120 3709 cum
1135 3635 1174 3707 A.
1198 3633 1339 3733 ἀφρον-

249 3753 392 3852 τισίαν,
412 3773 453 3831 ut
468 3786 502 3857 p.
519 3764 603 3856 139,
611 3757 645 3832 4.
674 3765 757 3855 181,
777 3765 833 3833 18.
882 3759 961 3832 vid.
975 3760 1131 3832 Lobeck.
1146 3758 1193 3831 ad
1204 3760 1339 3855 Phryn.

249 3906 287 3984 p.
303 3885 386 3955 510.
466 3886 623 3978 106,10.
650 3886 782 3964 ἐκεῖνος
806 3878 847 3953 δὲ
865 3890 944 3962 τοῖς
961 3888 1032 3954 τῶν
1051 3886 1223 3978 ccccxciv
1246 3886 1340 3953 ὑπο-

251 4002 383 4099 ζυγίοις
408 4001 603 4090 ἑπεισάξας
633 4006 685 4079 τὰ
713 4009 860 4079 ἑαυτοῦ.
922 4006 1032 4081 Nihili
1057 4019 1111 4077 est
1133 4001 1338 4091 ἕπεισάξας.

252 4124 413 4229 Corrige:
433 4124 624 4214 ἐπισάξας.
702 4134 857 4224 111,18.
884 4128 1109 4204 coniunctim
1132 4130 1250 4202 scribe
1273 4150 1339 4199 κα
