3042 4909
137 344 141 359 ·
214 390 217 401 ,
331 302 408 390 xx*
551 280 583 395 ¹,
667 326 863 392 tunoucr
892 326 1088 393 senorum

332 467 545 565 priusquam
571 467 774 540 lloesehelii
798 467 910 539 editio
937 469 978 541 in
1001 470 1119 541 lucem
1144 466 1329 566 prodiret,
1352 468 1424 543 de·

333 592 523 687 scripserat
544 592 599 663 vir
612 590 659 663 de
683 592 743 663 his'
766 591 1045 689 litterisoptime
1066 592 1227 687 meritus,
1250 594 1425 667 Martinus

333 712 489 809 Crusius‚
516 714 578 812 qui
604 714 790 813 Tubingae
815 714 1004 812 quondam
1029 705 1286 813 philologieam
1310 716 1426 789 disci·

331 836 470 935 plinam
495 836 745 935 profitebatur.
797 835 905 909 Cuius
930 838 1152 935 marginibus
1175 842 1258 913 libri
1283 838 1425 913 adseri-

331 974 416 1058 ptae
465 984 616 1059 quoque
659 975 761 1035 erant
806 960 967 1033 eiusdem
1011 963 1241 1035 coniecturae
1281 965 1425 1061 aliquot

330 1098 521 1181 textusque
542 1086 824 1183 complementa:
850 1085 1043 1183 exquibus
1059 1110 1139 1184 ego,
1164 1110 1259 1184 quae
1282 1090 1423 1185 proba-

332 1208 421 1280 bilia
446 1206 673 1302 videbantur,
699 1232 764 1289 suo
792 1209 875 1281 loco
901 1212 1195 1293 commemorari.

407 1333 599 1431 -Denique
630 1332 775 1405 silentio
808 1332 1113 1430 praetereundum
1148 1358 1227 1406 non
1260 1348 1313 1407 est
1335 1336 1422 1408 Fra-

330 1470 517 1555 gmentum
555 1453 732 1527 Alexiadis
772 1457 979 1553 parvulum,
1018 1456 1122 1555 quod
1169 1457 1422 1532 emendandae

290 1608 292 1613 ·
332 1579 548 1653 Praelationi
581 1576 744 1653 adhibui.
806 1577 918 1671 Quod
951 1582 1224 1679 Fragmentum,
1255 1582 1328 1655 iam
1353 1586 1427 1657 Fa:

331 1703 446 1775 brieio
482 1703 575 1773 bibl.
612 1701 737 1775 Graec.
771 1704 848 1776 vot.
868 1704 938 1777 Vll.
971 1730 1009 1801 p.
1032 1710 1117 1777 727.
1150 1730 1421 1781 commemora-

327 1838 427 1919 tum,
463 1839 575 1899 exstat
603 1828 643 1899 in
675 1826 1127 1911 BibliothecaeParisinae
1157 1827 1285 1903 codiee
1309 1833 1420 1904 bom·

327 1952 476 2050 bycino,
498 1952 586 2024 olim
606 1950 828 2027 Golbertino.
851 1952 997 2024 lnitium
1020 1966 1162 2029 tantum
1184 1954 1420 2029 Praelationis

217 2096 225 2109 '
327 2077 492 2149 eontinet
524 2099 641 2174 usque
674 2073 721 2150 ad
751 2078 862 2149 verba
887 2069 964 2146 ὅσα
990 2078 1012 2160 ἡ
1038 2078 1174 2175 φύσις,
1205 2103 1301 2177 quae
1330 2105 1367 2176 p.
1379 2076 1420 2174 ll,

332 2195 388 2269 tlt.
412 2198 468 2271 ed.
499 2212 611 2273 nostr.
643 2200 822 2298 leguntur.
878 2198 980 2273 llane
1011 2200 1244 2275 collationem
1280 2226 1302 2275 a
1333 2200 1418 2279 Nie-

326 2324 478 2418 buhrio,
510 2324 588 2397 viro
619 2322 946 2418 desideratissimo,
971 2324 1106 2420 aeeepi.

427 2447 627 2521 Reoeusitis
648 2444 838 2520 codicibus
862 2445 923 2541 iis,
946 2446 1080 2543 quibus
1103 2448 1158 2520 nti
1183 2450 1276 2522 mihi
1298 2450 1417 2523 eonti-

323 2569 397 2669 git,
433 2594 510 2641 non
535 2571 693 2641 alienum
719 2566 885 2661 videtur,
911 2570 1020 2640 etiam
1046 2570 1228 2668 reliquos,
1253 2597 1413 2670 quorum

325 2693 550 2764 mentionem
590 2692 628 2763 in
663 2692 806 2788 seriptis
832 2690 1058 2765 eruditorum
1092 2695 1237 2790 inveni,
1259 2696 1417 2769 breviter

325 2816 388 2887 hie
408 2838 708 2887 commemorare.
760 2816 814 2887 De
835 2814 962 2889 codiee
984 2816 1186 2914 Tolosam,
1209 2842 1318 2917 supra
1343 2817 1414 2894 iam

326 2940 473 3032 monui,
512 2963 595 3010 eum
636 2964 679 3011 ex
719 2941 834 3013 oeulis
872 2965 1014 3037 usuque
1046 2941 1240 3013 bominum
1273 2942 1413 3017 dudum

326 3048 523 3135 evanuisse.
575 3063 643 3135 lae.
671 3060 836 3136 Cuiaeius
857 3062 951 3135 duos
972 3077 1136 3158 tauttrm,
1162 3064 1265 3162 quod
1289 3068 1413 3162 seiam,

324 3188 425 3258 locos
448 3187 535 3260 inde
560 3186 724 3284 protulit,
741 3185 789 3259 ad
814 3187 963 3259 Institut
988 3186 1079 3259 11.1.
1103 3194 1133 3270 §.
1148 3184 1230 3283 24,
1255 3213 1412 3286 quorum

325 3335 418 3382 unus
447 3325 502 3383 est
535 3310 618 3382 libri
643 3310 667 3380 l.
696 3314 729 3381 7.
756 3336 793 3407 p.
807 3306 869 3405 40,
896 3312 1090 3405 11-16.‚
1120 3312 1210 3383 alter
1231 3298 1315 3385 libri
1327 3312 1411 3386 xlv.

325 3460 361 3529 p.
375 3430 460 3507 422.
475 3436 514 3505 Β.
549 3432 799 3516 σκολιώτατος
826 3472 879 3487 -
906 3436 1130 3527 ποιούμενος.
1190 3436 1231 3508 ln
1255 3450 1413 3534 utroque

323 3557 406 3628 loco
441 3560 538 3631 nulla
569 3560 767 3656 scripturae
798 3559 984 3632 diversitas
1010 3559 1123 3653 inest,
1155 3560 1224 3632 nisi
1250 3559 1354 3658 quod
1375 3562 1412 3634 in

324 3680 447 3775 priore
486 3674 555 3778 pro
594 3680 863 3754 καταλείπουσι
908 3683 1038 3781 legitur
1075 3684 1410 3775 καταλιμπάνουσι.

325 3802 449 3897 anue
473 3805 582 3877 lectio
605 3806 693 3879 huic
717 3803 838 3879 codici
861 3809 1012 3905 propria
1036 3820 1111 3880 est:
1135 3805 1235 3878 unde
1259 3807 1318 3879 rix
1341 3807 1410 3882 du-

324 3926 426 3997 bium
452 3930 626 4026 arbitror,
641 3930 742 4027 quin
764 3955 786 4003 a
809 3931 931 4026 libris,
969 3956 1063 4029 quos
1087 3932 1267 4027 novimus,
1291 3931 1410 4003 omni-

323 4050 392 4122 bus
413 4051 612 4127 Tolosanus
634 4056 743 4128 luerit
767 4054 936 4127 diversus.
973 4058 1091 4155 Atque
1117 4053 1156 4127 id
1181 4057 1314 4127 certius
1339 4056 1409 4129 lor-

322 4188 415 4247 tasse
439 4190 638 4275 constaret,
670 4180 700 4253 si
723 4177 885 4253 eiusdem
910 4179 1049 4254 eodieis
1072 4180 1193 4253 loeum
1220 4180 1329 4252 alium
1353 4180 1407 4252 in·
