3042 4909
441 324 654 393 mairana
684 330 757 399 un
789 332 828 395 u.
856 308 893 396 c
1103 383 1106 391 ,
1140 334 1194 421 97

114 476 253 557 ε’ξελδιόν
273 469 332 541 σόν
352 476 474 540 ἐκεῖθεν
508 471 709 561 όΚομνηνός
734 480 868 559 Ἀλέξιος
897 478 953 545 καί
981 484 1041 547 τοῦ
1066 484 1197 549 Πακοο-
1207 486 1238 543 V.
1250 487 1282 559 45

115 578 231 659 ριανοό·
261 574 471 657 ἀπαλλαγείς,
509 573 589 660 πρός
615 578 722 662 ἕτερον
750 572 852 662 ἄνδρα
885 584 939 645 καί
969 582 1069 649 αότόν
1096 585 1199 665 Ἀρει-

116 675 232 756 μόνιον
267 673 324 739 τόν
365 670 650 758 Οόμπιρτόποολον
685 669 793 743 ductus
823 680 878 745 καί
911 678 1007 769 τούτῳ
1035 682 1087 745 τόν
1121 680 1201 749 ἴδιον

117 776 307 857 ἀπαγγέλλει
333 770 449 838 σκοπόν
476 773 533 838 καί
556 770 614 858 τὴν
640 774 745 840 αἰτίαν
767 780 954 863 παρίστησι,
985 782 1057 844 καθ’
1077 778 1116 864 ἣν
1133 783 1203 845 δια-

80 876 236 959 5δρᾶναι
271 870 462 954 βουλόμενος
500 875 546 949 εἰς
580 879 768 958 συμμαχίαν
800 880 854 943 καί
885 876 982 943 αότόν
1017 885 1203 963 προσκαλεῖ-

116 996 182 1041 ται.
231 971 304 1037 ὅδ’
329 965 429 1049 saisitis
455 970 684 1038 κατενενεόκει·
738 975 850 1058 ακοτ’μό
871 978 930 1040 δ’”
958 976 1020 1063 ἔφη
1053 976 1204 1055 “πόντεος

115 1076 196 1152 ἕξεις
231 1069 386 1155 aduraim
413 1094 472 1137 σον
502 1074 557 1137 καί
584 1073 674 1153 μα’λα
709 1073 1024 1168 προκινδυνεόοντα.”
1091 1082 1205 1157 προσό-

105 1178 220 1237 ’κειντο
244 1172 283 1235 δὲ
310 1172 367 1235 καί
397 1172 443 1257 τῷ
467 1169 596 1259 Ἀλεξάγ
626 1178 746 1255 μᾶλλον
777 1170 806 1237 οἱ
840 1176 997 1260 εἰρημένοι
1024 1169 1135 1260 ἄνδρες
1163 1172 1203 1241 τιό

116 1294 153 1336 τε
186 1264 285 1351 ἄλλα,
315 1272 372 1333 καί
406 1269 487 1335 διότι
514 1269 644 1361 οἷνδρείρ
676 1270 733 1336 καί
757 1276 883 1339 συνέσει
913 1278 977 1339 τῶν
1007 1268 1110 1341 ἄλλων
1141 1279 1205 1341 διό-

66 1393 219 1456 ιοφερε·
261 1365 517 1456 φιλοδαρότατόν
534 1392 567 1433 τε
597 1362 673 1437 όντα
694 1368 750 1437 καί
768 1369 827 1456 τὴν
843 1382 957 1459 χεῖρα,
976 1374 1064 1460 εἴπερ
1080 1400 1127 1450 τις
1149 1370 1205 1441 ὄλ-

115 1477 193 1546 λος,
228 1466 305 1554 περί
320 1467 379 1545 τός
400 1468 501 1544 δόσεις
520 1468 679 1554 εόκίνητον
694 1474 766 1536 λίαν
786 1471 1011 1558 ὑπερηγάπων,
1042 1478 1141 1539 καίτοι
1160 1476 1205 1557 μὴ

115 1563 397 1655 adoscentulus»
418 1565 673 1651 περιρρεόμενον.
715 1574 757 1635 ου’
775 1569 837 1655 γόρ
861 1566 899 1657 ἦν
919 1575 983 1637 τοῖν
1005 1572 1205 1657 ἁρπαζόντων
1214 1594 1281 1647 Μ.

116 1665 174 1731 κατ’
194 1663 272 1748 πρὸς
291 1663 327 1731 τό
349 1673 497 1732 πλουτεῖν
506 1666 757 1751 ’διακεχηνότακ
807 1668 842 1737 τό
862 1670 923 1755 γὰρ
945 1674 1124 1755 ἐλευθέριον
1147 1672 1205 1736 osia

115 1769 155 1833 ἐν
173 1762 291 1849 πλήθει
314 1769 458 1849 παροχῆς
483 1763 659 1851 χρημάτων
679 1772 845 1853 κρίνεσθαι
871 1768 1001 1852 εἴωθεν,
1026 1770 1105 1837 silici
1123 1775 1204 1857 γνιό.

73 1874 108 1935 ¹5
115 1892 163 1953 μη
181 1863 431 1929 ταλαντεόεσθαι
457 1867 607 1951 πέφυκεν.
656 1864 721 1933 ἔστι
744 1868 805 1955 γὰρ
835 1868 889 1935 τόν
910 1871 999 1953 όλίγα
1020 1875 1206 1955 κεκτημένον

116 1966 175 2029 καί
191 1960 270 2049 πρός
291 1958 382 2044 λόγον
412 1968 476 2029 τῶν
506 1965 638 2029 ἐνόντων
658 1962 876 2048 καταβαλόντα
898 1973 1078 2054 ἐλευθέριον
1105 1966 1204 2053 εἶναι,

116 2063 174 2129 τόν
194 2065 231 2128 ll
248 2084 284 2143 γε
303 2063 439 2128 πλοῦτον
467 2059 566 2127 πολόν
596 2061 711 2143 ἔχοντα
729 2070 786 2130 καί
813 2068 851 2153 τῇ
871 2071 911 2154 γῇ
934 2066 1205 2157 κατορόττονταῆ
1299 2108 1304 2115 ·

116 2161 164 2248 μὴ
184 2163 266 2229 κατὰ
287 2161 378 2246 λόγον
396 2167 510 2229 τοῦτον
530 2164 575 2247 τῷ
593 2164 730 2251 δεομδνιρ
749 2171 926 2249 παρέχοντα
948 2161 1043 2233 ἄλλον
1062 2175 1205 2251 Κροῖσον

117 2258 140 2347 ἢ
158 2264 349 2346 χροσομανῆ
376 2264 509 2342 Μίδαν,
537 2260 668 2343 ualuisset?
689 2286 723 2325 τε
751 2264 807 2331 καί
824 2267 971 2351 γλίσχρον
990 2270 1043 2329 καὶ
1064 2270 1119 2331 ἕνα
1143 2272 1205 2333 τῶν

68 2382 110 2422 ao
119 2361 333 2446 διαπριόντονν
347 2358 383 2424 τό
403 2359 532 2441 κόμινον
552 2357 650 2426 etauio
670 2354 711 2425 όν
724 2385 773 2438 τις
793 2362 831 2425 osi
853 2360 1022 2447 διαμάρτοι
1041 2368 1099 2429 τοῦ
1119 2367 1206 2430 δέον-

119 2485 183 2537 τος.
230 2460 350 2535 πόσαις
381 2458 487 2525 τοίνυν
521 2454 649 2543 όρεταῖς
681 2463 912 2544 κεκοσμημένον
940 2461 994 2526 τόν
1014 2461 1155 2541 Ἀλέξιον
1175 2462 1206 2530 οἱ

117 2554 181 2647 ἤδη
201 2558 349 2648 ῥηθέντες
380 2552 493 2645 ἄνδρες
522 2560 677 2625 cauato
707 2558 762 2625 καί
790 2557 891 2626 πόλει
911 2558 1110 2645 γινώσκοντες
1117 2614 1127 2647 ,
1149 2562 1233 2649 raian

188 2744 212 2778 τ,
235 2724 419 2799 ἅρειμόνειον
434 2726 494 2789 PG,
517 2726 632 2778 alterum
655 2727 685 2778 l.
760 2730 786 2781 6.
807 2727 837 2784 δὲ
855 2726 888 2780 G.
983 2728 1007 2781 8.
1028 2729 1060 2783 δὲ
1076 2730 1114 2801 cpi
1131 2730 1205 2803 μᾶλ-

185 2800 237 2852 λον
250 2797 361 2871 Ἀλεξίρτ
385 2798 421 2862 Ρ,
452 2797 483 2851 δὲ
510 2798 615 2869 μᾶλλον
643 2801 692 2851 καλ
713 2796 752 2868 spi
767 2796 806 2853 Ἀ.
834 2798 877 2863 G,
893 2796 925 2853 δὲ
941 2804 989 2855 καλ
1012 2800 1051 2874 τῷ
1071 2800 1110 2857 Ἀ.
1132 2806 1203 2875 prii..

186 2872 237 2925 λον
257 2868 286 2921 C.
386 2885 424 2920 ra.
441 2887 468 2920 τι
484 2887 490 2919 :
509 2884 542 2939 ys
558 2868 586 2918 P.
673 2868 713 2921 15.
729 2872 856 2940 πέφυκεν
876 2886 929 2919 orn.
946 2871 976 2921 Α.
1051 2876 1087 2927 sil.
1107 2867 1202 2927 κατόε

187 2931 263 3011 πρός
279 2938 308 2992 C.
381 2940 420 3010 τῷ
437 2939 559 3010 δεομένῳ
578 2937 640 2988 add.
658 2936 687 2989 C.
758 2954 800 2992 ao.
817 2938 956 3012 διαμάρτῃ
975 2942 1004 2993 Α.
1093 2958 1135 2996 aa.
1154 2938 1203 3010 τόν

190 3008 352 3084 ἀντίρρησιν
371 3010 471 3066 τούτου
488 3011 641 3079 ἐπηύχοντο
657 3009 688 3060 Δ.

116 3158 202 3202 tatem
222 3148 351 3201 collatum
367 3148 418 3210 lri,
438 3164 493 3217 qua
510 3145 593 3199 modo
610 3146 669 3215 ipse
693 3146 856 3215 iungeretur.
875 3144 910 3199 ab
929 3142 981 3199 hoc
998 3144 1130 3215 digressus
1150 3146 1203 3201 Cu·

116 3237 233 3272 macnus
251 3220 363 3271 Alexius
377 3217 573 3288 Ubertopulum
591 3216 672 3280 adiit,
689 3218 776 3268 virum
796 3225 825 3269 et
841 3218 929 3286 ipsum
946 3217 1075 3287 imprimis
1096 3218 1203 3281 iorlem,

116 3292 264 3342 consilium
290 3306 351 3340 cum
371 3305 404 3341 εο
430 3289 637 3341 communicavit
659 3303 763 3340 causam
785 3304 819 3339 ue
837 3289 976 3357 exposuit,
994 3296 1203 3357 propterquam

117 3361 284 3423 deiecturus,
299 3359 336 3411 ab
355 3375 388 3411 en
407 3375 516 3429 quoque
533 3360 662 3411 auxilium
680 3304 828 3427 petendum
850 3360 1022 3411 existimaret.
1050 3358 1093 3410 hic
1111 3360 1203 3411 statim
1267 3352 1271 3367 ¹

116 3448 250 3500 annuens,
267 3431 365 3483 “etiam
387 3446 438 3493 me,
458 3431 563 3500 inquit,
586 3428 795 3499 promtissimam
813 3428 927 3481 habebis
948 3429 1043 3480 salutis
1060 3438 1124 3480 tuae
1139 3447 1204 3499 pro-

115 3502 321 3573 pugnatorem.”
351 3501 447 3551 hurum
464 3510 554 3553 cratem
570 3503 688 3552 virorum
711 3500 842 3551 amicitias
861 3499 971 3551 alexius
987 3500 1040 3551 sibi
1064 3508 1203 3568 paraverat

115 3590 178 3624 cum
196 3570 309 3624 aliunde
320 3609 328 3634 ,
338 3580 396 3623 tum
411 3572 571 3623 fortitudine
583 3569 782 3641 prudentiaque
795 3570 932 3639 singulari.
957 3569 1028 3623 idem
1041 3570 1203 3621 munificen-

115 3645 166 3705 tia,
190 3643 294 3712 siquis
315 3642 394 3705 alius,
413 3640 547 3693 utebatur.
571 3658 725 3711 quanquam
751 3658 806 3693 uon
832 3641 978 3695 admodum
1002 3638 1203 3693 circumfluebat

116 3709 1203 3849 tiltttlttrttitiltttttf‚litlizttitll{titillat‘tl

115 3871 170 3905 ano.
188 3856 228 3907 ila
247 3853 306 3905 lieri
335 3861 444 3922 potest,
464 3860 496 3904 ut
510 3853 557 3936 qui
581 3851 696 3905 modicis
713 3852 812 3922 opibus
831 3820 987 3921 pradditus,
1005 3869 1054 3921 pro
1076 3852 1204 3905 facultate

117 3924 246 3993 largitur,
266 3923 387 3975 liberalis
407 3923 458 3987 sit,
477 3940 525 3991 qur
545 3932 634 3975 autem
654 3923 755 3975 Croeso
767 3923 896 3992 Midaquo
915 3922 997 3974 ‹litior
1017 3922 1157 3975 thesauros
1175 3924 1205 3975 iu

116 4002 216 4049 terram
233 3994 350 4057 delodil,
368 4010 432 4056 nec,
454 4000 585 4062 quantum
603 4010 644 4045 res
662 3994 776 4062 patitur,
794 3992 939 4061 egentibus
956 3992 1126 4062 suppeditat,
1144 4010 1205 4045 eum

116 4068 202 4136 siquis
217 4064 354 4116 sordidum
369 4072 398 4115 ct
416 4081 524 4115 avarum
543 4062 621 4115 etde
640 4065 739 4117 cumini
751 4062 900 4117 sectoribus
918 4080 1000 4115 unum
1018 4064 1204 4135 appellaverit,

117 4154 133 4185 a
149 4136 265 4187 veritate
282 4152 337 4186 non
356 4134 470 4187 aberret
490 4132 531 4187 tus
552 4133 698 4187 virtutibus
725 4134 852 4187 omnibus
872 4150 932 4187 cum
952 4134 1018 4198 riri,
1040 4152 1107 4204 quos
1128 4134 1203 4197 dixi,

117 4208 243 4259 Alexium
271 4204 375 4257 dudam
402 4214 527 4259 ornatum
554 4206 757 4274 cognovissent,
779 4215 810 4259 ut
827 4206 968 4277 imperium
984 4207 1204 4267 nancisceretur,

213 4313 295 4363 Anac
316 4312 462 4364 Comama.
994 4326 1007 4379 γ
