3042 4909
596 250 837 317 PRAEFATIO
1046 285 1051 297 ¹
1213 257 1256 319 lx

264 392 315 468 Ac
339 396 500 491 primum
522 393 674 520 quidem
696 394 834 468 codicis
856 337 1066 467 Coisliniani
1089 395 1259 469 lectioni·

156 522 234 593 bus
258 545 344 591 usus
366 544 461 613 sum,
487 542 578 616 quas
595 477 919 591 Montlauconius
909 546 949 592 ιιι
965 520 1137 591 Biblioth.
1155 517 1258 591 Cois-

154 646 226 717 lin.
248 642 484 742 Catalogop.
510 646 594 716 5⁰1.
585 668 692 741 ..sqq
719 643 896 740 prodidit
923 641 1069 739 Codex,
1097 657 1139 715 ut
1159 643 1258 716 idem

154 792 200 865 p.
212 765 299 841 4115.
318 767 440 861 docet,
463 769 764 842 membranaceus
786 781 852 863 est,
877 766 950 841 ΧΗ.
975 768 1122 862 saeculi,
1146 767 1255 839 folio·

156 916 248 965 mm
266 887 351 963 247.
402 893 537 989 Incipit
561 916 582 963 a
607 891 726 985 perbis
751 890 848 963 Libr.
868 892 895 963 l.
921 916 953 964 e.
973 894 1030 966 16.
1054 917 1090 990 p.
1105 893 1166 985 75,
1183 897 1257 965 ta:

154 1016 307 1108 μᾶλλον
341 1020 483 1087 τοῦτονΥ
517 1013 587 1087 τὸν
615 1014 833 1087 κατάπλουν
864 1011 1011 1087 ἐκείνου.
1059 1016 1259 1089 -Postrema

155 1141 248 1213 13113
275 1140 394 1213 133313
423 1154 529 1235 sunt3
562 1140 629 1212 etsi
663 1140 853 1212 continent
885 1139 1088 1237 quaedam,
1125 1140 1259 1238 quibus
1292 1226 1294 1230 .

156 1265 288 1337 lacuna
318 1318 330 1359 ,
355 1288 459 1362 quas.
475 1264 588 1336 editio
615 1264 778 1338 Parisina
801 1264 841 1335 in
864 1261 939 1333 fine
963 1263 1088 1355 habet,
1112 1263 1256 1359 explere
1333 1321 1335 1325 ⁴

160 1387 446 1487 quedammodo
460 1388 622 1489 contigit.
645 1388 718 1462 Nec
735 1388 856 1459 minus
878 1387 918 1458 in
939 1386 1119 1459 aliislocis
1132 1368 1258 1457 Coisli-

159 1514 294 1585 nianus
317 1512 483 1607 duobus,
509 1514 644 1611 quibus
677 1513 737 1587 illa
770 1511 917 1604 nititur,
948 1509 1138 1581 codicibus
1162 1510 1258 1582 inte-

157 1638 261 1733 grior
297 1650 369 1731 cst,
401 1637 651 1734 lectionesque
682 1634 892 1733 suppeditat
915 1636 1106 1727 meliores,
1138 1647 1175 1704 ct
1199 1656 1258 1704 eas

160 1760 351 1858 proprias,
383 1761 517 1856 quibus
548 1761 696 1833 bonitas
720 1759 805 1832 libri
830 1757 969 1830 censeri
992 1768 1124 1854 potest.
1186 1754 1257 1829 Ve-

162 1910 245 1957 rum
265 1898 392 1956 tamen
412 1881 599 1956 latendum
613 1898 679 1979 est,
705 1882 864 1955 eumdem
881 1906 923 1953 ex
947 1896 1105 1981 utroque
1125 1904 1258 1979 genere

162 2009 253 2081 11113
273 2008 410 2080 habere
437 2009 640 2103 necteria,
670 2020 740 2086 'nec
774 2030 927 2081 numero
953 2030 1090 2104 pauca,
1116 2028 1259 2102 quaet
1362 2084 1367 2100 ‚

161 2132 314 2229 reliquis
347 2132 460 2205 senne
499 2131 641 2231 absunt.
710 2130 814 2204 Unde
848 2144 1016 2229 apparet,
1050 2129 1171 2201 minus
1203 2130 1257 2201 rei

161 2269 448 2329 consentaneum
486 2281 582 2352 esse,
613 2256 644 2329 si
678 2256 761 2354 quis
783 2254 961 2329 Alexiadis
993 2252 1156 2346 codices,
1190 2252 1256 2347 qui

162 2378 317 2476 quidem
345 2380 536 2477 hucusque
568 2381 786 2473 innotuere,
823 2402 866 2449 31
899 2375 1141 2470 Coisliniano,
1174 2388 1256 2457 tan·

162 2529 277 2601 quam
312 2505 547 2577 ecommuni
572 2504 692 2598 sonte,
727 2502 870 2575 fluxisse
894 2513 1035 2574 statuat.
1060 2497 1139 2571 vid.
1164 2498 1258 2569 Wil-

162 2628 249 2701 ken.
274 2630 362 2700 Hist.
390 2627 518 2719 Comn.
544 2628 680 2726 p.XVl.

264 2754 433 2825 Proxime
465 2752 513 2826 ad
544 2754 645 2826 hune
680 2750 822 2826 accedit
845 2749 1105 2851 Apographnm
1130 2746 1257 2821 Annae

164 2873 388 2973 Comnenae,
414 2875 518 2974 quod
542 2878 635 2951 mihi
657 2876 712 2948 vir
735 2876 899 2969 eximius,
920 2876 988 2947 lae'.
1006 2874 1163 2966 Geelius,
1185 2898 1256 2968 pro

164 3002 335 3097 singulari
360 3026 424 3073 sua
445 3026 528 3100 erga
552 3024 612 3075 me
635 3000 891 3085 benevolentia
915 2998 1125 3095 litterasque
1152 2996 1259 3067 adiu-

164 3124 276 3197 randi
309 3124 454 3220 studio,
489 3150 532 3196 ex
554 3126 781 3197 Bibliotheca
804 3122 970 3196 Leidensi
1004 3119 1257 3218 suppeditavit.

167 3247 379 3322 Confecerat
404 3249 443 3321 id
466 3250 554 3323 olim
574 3248 625 3321 lo.
650 3248 744 3322 Frid.
760 3248 976 3342 Gronovius,
997 3271 1080 3318 cum
1096 3245 1136 3316 in
1159 3244 1259 3315 Italia

167 3398 199 3445 3.
230 3368 336 3446 1611.
364 3376 680 3469 commorabatur,
710 3374 845 3471 partim
869 3397 950 3467 sua,
983 3371 1115 3468 partim
1142 3368 1259 3439 aliena

167 3522 299 3593 manu,
325 3524 369 3571 eo
396 3500 573 3594 consilio,
593 3513 635 3571 ut
660 3524 753 3595 opus
778 3494 890 3591 illud,
915 3494 1019 3593 quod
1044 3494 1154 3565 etiam
1179 3506 1258 3565 tum

168 3620 349 3694 ineditum
375 3636 463 3717 crat,
488 3622 528 3695 in
550 3624 669 3695 lucem
690 3620 879 3718 proferret.
918 3620 969 3692 Ex
991 3617 1120 3689 itinere
1137 3628 1258 3687 autem

168 3744 299 3839 redux,
323 3744 411 3820 dum
439 3760 631 3844 apparatus
656 3746 770 3819 critici
796 3744 1103 3842 supplementum,
1127 3738 1259 3813 aLuca

166 3868 354 3943 llolstenio
392 3872 461 3968 ipsi
499 3874 737 3969 promissum,
777 3880 980 3967 exspectat,
1012 3887 1259 3965 praepropera

166 3991 347 4065 festinatio
375 3994 517 4067 Possini
551 3996 852 4093 necopinantem,
892 4016 968 4063 non
1006 3992 1083 4061 sine
1123 3982 1260 4059 fraudis
1316 4023 1322 4042 ·

168 4117 397 4214 suspicione,
423 4118 635 4217 antevertit,
670 4132 706 4193 et
729 4116 910 4217 propositi
945 4109 1186 4212 exsequendi,
1218 4120 1259 4179 ut
