3042 4909
233 285 291 389 44
580 312 718 378 πονιτ
743 264 965 377 conuenta

233 458 380 550 άστρῴαν
397 462 530 554 βολῄν,)
562 464 679 529 ἐκεῖνον
699 457 781 527 εἶναι
801 465 910 527 τοῦτον
931 460 984 525 τόν
1009 455 1215 539 Βασιλάκιον,
1237 476 1313 520 σον·

202 560 369 645 Βαντὴσας
395 557 482 649 αὐτῷ
500 564 624 645 γοργάς
652 565 738 627 παίει
759 560 837 627 κατά
868 563 924 645 τῆς
943 558 1075 643 χειρός·
1118 552 1140 640 ἢ
1163 558 1191 620 δ’
1213 554 1314 631 εόθός

229 658 310 743 μετά
327 664 384 725 τοῦ
404 663 517 747 ξίφους
534 664 580 737 εἰς
599 664 657 747 γῆν
678 659 816 745 ἔρριπτο,
839 656 915 743 όπερ
935 657 1079 743 μεγάλως
1096 656 1153 741 τὴν
1164 656 1314 742 φάλαγγα

230 758 451 843 συνετάραξεν.
501 763 540 825 τό
557 758 621 845 μὴν
651 759 668 824 ό
693 756 886 835 Βοσιλόκιος
906 753 961 843 ἧν,
987 758 1066 823 άλλά
1086 780 1134 831 τις
1157 758 1220 821 τάν
1240 757 1316 836 περὶ

230 858 286 922 τόν
305 857 501 925 Βασιλάκιον
514 856 756 942 γενναιότατος,
775 860 868 923 ου’δὲν
889 861 945 922 τοῦ
965 854 1161 923 Βασιλαιιίου
1185 850 1259 918 όσον
1277 862 1342 935 γεὸ

230 954 270 1026 τά
285 959 330 1031 εἰς
344 960 493 1041 α’νδρείαν
511 956 707 1042 λειπόμενος.
731 955 834 1041 βαρός
856 950 911 1021 σόν
925 960 983 1021 τοῦ
999 957 1112 1019 λοιποῦ
1124 959 1193 1017 κατ’
1204 952 1313 1017 αότοῖν

229 1054 468 1136 κυλινδούμενος
501 1060 557 1122 κατ’
578 1058 750 1141 τοξεύμασι
774 1056 900 1139 βάλλων
921 1058 976 1120 κατ’
1002 1051 1113 1139 δόρατι
1134 1050 1316 1135 τιτροόσκων

232 1157 287 1219 καί
313 1155 506 1239 ἀλαλαγμοῖς
534 1160 659 1239 όμβοῶν
693 1157 749 1221 καί
776 1158 866 1220 νυκτί
893 1158 1036 1239 συγχέων
1066 1152 1122 1218 καί
1141 1150 1241 1218 πάντα
1261 1152 1318 1215 κατ’

230 1252 326 1318 τόπον
354 1259 409 1319 καί
434 1256 552 1340 χρόνον
569 1256 625 1320 καί
652 1249 782 1340 ὄργανον
803 1256 849 1330 εἰς
868 1258 955 1338 νίκην
975 1252 1145 1335 λαμβάνων
1166 1250 1220 1315 κατ’
1242 1250 1316 1315 rod-

233 1374 297 1428 τοις
317 1358 491 1440 προσφυεῖς
518 1352 742 1439 ἀποχρώμενος
767 1351 921 1441 α’κλονήτῳ
943 1352 1120 1438 φρονήματι
1142 1354 1196 1415 καί
1218 1349 1317 1432 άσυγ·
1330 1381 1368 1422 10

202 1452 320 1539 (ἓχότφ
341 1456 379 1538 τῇ
399 1455 521 1540 διανοίᾳ
552 1452 609 1517 καί
626 1448 721 1517 άλλον
751 1447 862 1517 ἄλλοσε
882 1452 1041 1538 φεόγοντα
1064 1447 1318 1533 προλαμβάνων,

235 1547 339 1617 πάντα
360 1553 495 1634 διέκρινε
515 1554 572 1617 καί
590 1551 647 1617 τόν
664 1552 785 1637 ε’χθρόν
801 1550 855 1617 καί
872 1549 926 1616 τόν
945 1550 1051 1636 φίλον.
1093 1549 1175 1613 dtr&
1196 1550 1255 1613 καί
1269 1569 1320 1624 τις

233 1649 314 1734 α’νάρ
346 1647 564 1733 Καππαδόκης
587 1648 711 1735 Γυάλης
746 1648 781 1717 τό
813 1649 995 1731 ἐπώνυμον,
1027 1640 1137 1723 τόνους
1168 1645 1333 1733 θεράπων·

233 1751 357 1830 τοόμοό
377 1747 512 1832 πατρός,
534 1748 591 1833 τήν
620 1759 715 1835 χεῖρα
736 1759 895 1833 γενναῖος,
914 1748 967 1814 τόν
987 1745 1093 1827 θυμόν
1113 1750 1145 1822 ἐς
1164 1749 1320 1829 πολέμους

234 1849 425 1929 οἰνάθεκτος,
457 1847 512 1914 τόν
536 1849 732 1915 Βασιλάκιον
760 1848 959 1929 θεασάμενος
984 1853 1039 1913 καί
1069 1841 1206 1929 όκριβιός
1225 1850 1370 1930 ε’γνω-ιό

235 1946 311 2027 ιιιός,
335 1952 422 2013 παίει
443 1946 522 2014 κατά
542 1951 599 2034 τῆς
620 1949 768 2033 κόρυθος.
835 1946 915 2013 α’λλά
935 1946 969 2012 τὸ
993 1950 1048 2012 τοῦ
1067 1950 1219 2011 Μενέλεω
1240 1943 1322 2029 Ιπρός

234 2047 290 2112 τόν
310 2050 518 2128 Ἀλέξανδρσν
545 2052 693 2117 πέπονθε.
747 2048 784 2114 τό
811 2047 872 2133 γάρ
906 2047 997 2133 ιξίφος
1025 2046 1125 2111 αότοό
1150 2044 1267 2128 τριχθά
1288 2066 1322 2109 τε

237 2145 293 2210 καί
312 2144 473 2230 τετραχθὰ
494 2149 691 2235 διατρυφθὲν
712 2150 837 2225 ἐξέπεσε
857 2149 911 2230 τῆς
930 2142 1049 2229 χειρός,
1070 2145 1125 2228 τῆς
1147 2148 1247 2227 λαβῆς
1265 2167 1344 2213 κα·.

237 2248 463 2330 ταλειφθείσης
486 2248 520 2312 ἐν
538 2249 579 2333 τῇ
597 2249 695 2330 χειρί.
718 2245 789 2313 όνό
811 2244 982 2328 στρατηγὸς
1003 2241 1201 2325 θεασόμενος
1220 2243 1323 2315 εόθός

240 2345 476 2430 διελοιδορεῖτο,
498 2339 549 2411 ότι
572 2345 618 2430 μὴ
645 2350 802 2428 κατάσχοι
822 2342 855 2409 τό
878 2347 968 2427 ξίφος
990 2342 1044 2407 καί
1064 2336 1221 2425 άνανδρον
1245 2342 1375 2409 εἰπε-πο

207 2439 329 2514 υιιάλει
356 2448 476 2509 τοῦτον.
532 2445 599 2510 ἀλλ’
628 2440 859 2529 δστρατιαότης
883 2442 942 2527 τὴν
968 2447 1238 2528 καταλειφθεῖσαν
1266 2442 1321 2507 τοῦ

240 2543 352 2628 ξίφους
380 2542 482 2629 λοβόν
503 2542 730 2631 παραδεικνός,
756 2544 930 2630 πραότερον
959 2545 1058 2611 ε’ποίει
1077 2543 1133 2631 τόν
1151 2546 1251 2627 μέγαν
1270 2543 1324 2607 δο-

309 2763 335 2831 4.
354 2759 411 2816 τόν
429 2759 492 2812 add
508 2763 539 2815 d.
637 2779 676 2817 ra.
694 2763 792 2834 φίλιον
808 2762 841 2815 G.
938 2763 975 2818 13.
995 2756 1096 2831 Γουὴλς
1113 2762 1142 2815 Ρ.
1233 2762 1274 2830 τό.
1292 2760 1324 2817 ἐν

308 2834 440 2902 πολέμοις
456 2832 484 2883 Ρ.
585 2834 623 2886 18.
642 2832 820 2907 διατρυφθδν
837 2836 875 2897 G,
894 2833 1064 2906 διατριφθὲν
1080 2834 1132 2886 Pa.
1217 2848 1258 2887 ao.
1273 2850 1324 2889 εο-

307 2901 397 2975 adom
415 2905 445 2956 A„
533 2918 575 2956 aa.
594 2900 682 2962 όπλον
699 2905 760 2958 add.
779 2908 877 2977 Apost
893 2904 1091 2979 παραδεικνός.
1118 2930 1123 2939 ·

242 3112 366 3167 silacinm
385 3125 443 3163 esse
459 3111 656 3180 suspicaretur,
676 3114 761 3165 atroci
790 3112 893 3181 impetu
915 3111 995 3164 irruit
1013 3127 1175 3181 manumque
1193 3110 1324 3180 percutit3

242 3201 315 3255 quae
332 3183 423 3235 statim
447 3197 500 3233 una
519 3199 579 3233 cum
603 3182 693 3251 gladio
712 3184 742 3234 in
758 3190 857 3235 terram
875 3182 985 3236 decidit.
1003 3198 1165 3252 magnopere
1182 3181 1274 3235 hostes
1293 3196 1327 3231 ea

243 3273 273 3307 re
290 3252 440 3325 perturbati
460 3259 532 3304 sunt.
557 3269 709 3323 quanquam
730 3254 874 3307 Basilacius
893 3271 950 3305 non
967 3262 1039 3315 erat,
1057 3253 1105 3304 sed
1123 3254 1180 3305 eius
1197 3252 1327 3305 comitum

242 3342 313 3377 unus
337 3324 521 3375 nobilissimus
543 3340 594 3375 nec
619 3325 679 3393 ipso
699 3325 830 3377 Baaliaeio
852 3324 958 3376 virtutis
976 3324 1057 3375 lande
1076 3322 1197 3375 inferior,
1216 3324 1326 3391 iamque

242 3398 271 3447 vi
289 3394 396 3447 dleaius
419 3392 578 3457 invehitur,
599 3394 703 3463 sagittis
720 3397 804 3465 petit,
830 3396 894 3447 serit
915 3396 1005 3459 hasta,
1034 3395 1196 3447 clamoribus
1227 3400 1326 3457 terret,

182 3460 196 3481 ⁸
242 3467 331 3519 noctis
348 3466 443 3516 miscet
467 3464 605 3530 tenebris,
630 3464 750 3535 denique
781 3484 815 3517 ex
842 3466 914 3518 omni
932 3472 960 3517 et
982 3468 1043 3517 loco
1064 3474 1091 3517 et
1110 3474 1232 3531 tempore
1252 3472 1328 3515 etro

244 3537 474 3605 opportunitatem
485 3538 613 3592 victoriae
626 3538 699 3605 capit
714 3553 800 3606 eaque
812 3536 949 3589 cotnmode
959 3538 1044 3588 utitur
1055 3534 1195 3604 intrepido
1206 3550 1237 3588 ac
1249 3550 1329 3603 prae-

245 3606 316 3658 sen'ti
325 3609 414 3658 animo
441 3615 521 3676 atque
532 3607 560 3657 in
573 3623 674 3659 summa
685 3608 876 3677 trepidatione,
889 3626 949 3659 cum
963 3608 1031 3659 alius
1044 3608 1097 3658 aiio
1107 3606 1221 3672 fugeret,
1231 3620 1324 3656 ornnes

245 3685 337 3727 umen
355 3685 383 3729 et
409 3676 501 3730 hostes
519 3686 548 3729 et
570 3695 632 3729 suos
657 3677 835 3731 discernebat.
864 3686 921 3731 erat
943 3679 1024 3731 etiam
1045 3677 1190 3746 Cappadox
1213 3677 1325 3745 quidam

247 3747 331 3797 Guies
350 3748 469 3811 nourine,
485 3748 555 3800 fidus
573 3749 656 3817 patris
672 3751 725 3800 mei
744 3750 869 3813 famulus,
889 3746 969 3801 mann
988 3758 1125 3817 promptus
1143 3758 1171 3799 et
1189 3748 1278 3798 animo
1298 3746 1327 3797 in

245 3816 359 3887 proeliis
388 3817 581 3871 audacissimo:
607 3821 655 3888 qui
684 3820 853 3888 conspicatus
886 3820 1044 3872 Basilacium
1074 3837 1104 3869 ac
1132 3818 1217 3886 probe
1243 3834 1331 3886 agno-

246 3904 337 3949 scens,
357 3887 460 3955 galeam
479 3891 624 3959 percussit3
642 3890 778 3945 sedidem
797 3890 871 3959 quod
888 3890 1013 3943 Menelao
1034 3897 1125 3941 contra
1140 3888 1263 3940 Paridem
1279 3906 1332 3957 pu-

247 3958 341 4027 gnanti
368 3958 482 4021 accidit,
509 3962 581 4013 ensis
608 3961 638 4013 in
668 3970 743 4013 terna
769 3970 954 4031 quaternaque
981 3961 1111 4029 fragmina
1136 3968 1229 4028 ruptus
1249 3976 1330 4009 mauu

248 4028 366 4092 excidit,
392 4030 489 4097 capulo
513 4033 572 4083 solo
590 4032 694 4084 relicto.
714 4049 795 4101 quem
824 4032 871 4083 ubi
888 4032 957 4085 vidit
975 4033 1137 4101 imperator,
1157 4028 1333 4098 reprehendit

248 4100 347 4163 statim,
365 4098 441 4169 quod
459 4101 563 4169 gladius
581 4102 697 4166 deesset,
717 4102 894 4173 ignaviaeque
913 4104 1067 4167 insimulat;
1085 4100 1133 4153 aed
1150 4101 1228 4153 miles
1247 4116 1330 4169 capu-

249 4170 323 4233 lum,
342 4187 423 4241 quem
440 4171 529 4225 adhuc
543 4172 669 4239 tenebat,
686 4173 851 4240 ostendens,
868 4190 993 4245 magnum
1012 4170 1187 4227 domesticum
1206 4171 1331 4242 placavit.
