3042 4909
277 366 369 429 ms
531 414 535 423 .
594 362 758 427 ntvmts
795 358 1036 425 Romnum!

275 574 334 637 que
354 548 511 635 Prinetpes
529 548 671 629 intimet.
687 548 836 610 Cerdonis
857 547 952 607 leuton
971 545 1128 606 historiam
1147 545 1211 604 suis
1231 563 1381 604 momen·

278 654 327 727 tis,
346 672 406 713 non
415 650 581 711 Arctorum
598 647 761 729 affectibus
777 645 945 729 ponderet.-
978 646 1117 706 Tacitum
1136 658 1166 705 et
1185 644 1381 705 Suetonium

276 752 422 819 aduersus
436 750 583 813 Christum
595 762 624 809 et
639 748 827 809 Cluistianos
843 748 977 823 indutos,
991 744 1242 805 munitius-tumen
1264 745 1382 804 exusti

277 872 339 911 non
353 853 508 934 ·.patimur.
551 850 618 931 Quo
639 846 749 909 ordine
771 845 860 929 apud
873 846 1052 928 posteriores
1077 844 1211 905 Graecos
1231 846 1385 904 Romani

278 954 395 1027 omnes,
416 951 544 1021 ssimum,
562 948 654 1009 Anne
671 958 825 1031 praetereo
840 945 987 1028 proprius
1000 964 1037 1003 se
1048 942 1114 1003 odii
1132 965 1236 1005 carues
1258 944 1383 1003 natm

276 1050 488 1127 existimatae,
520 1046 603 1133 quod
624 1048 789 1127 Gregorius
808 1045 954 1123 Pontffeoe
980 1043 1159 1105 semmurum
1178 1044 1303 1104 Alexii
1321 1046 1383 1102 lm·

277 1163 351 1209 stem
362 1149 522 1210 ueterum
537 1147 746 1221 Getiseandunr,
763 1157 885 1227 patrem
896 1142 1071 1220 Boemundi,
1092 1164 1178 1225 quem
1197 1143 1256 1201 itta
1277 1145 1381 1203 etiam

277 1246 408 1330 mirifice
426 1250 591 1309 irueetutur
607 1260 635 1308 et
665 1245 810 1325 exagitat,
835 1245 868 1303 in
888 1243 1052 1303 amuitium
1066 1234 1069 1250 ⁸
1083 1248 1241 1325 nepem.
1286 1242 1380 1303 Ber.

279 1348 378 1411 totdu
400 1346 628 1410 constantiensis
655 1365 733 1405 unito
760 1340 846 1410 1084.
874 1344 945 1403 haee
963 1342 1057 1402 habet.
1098 1341 1153 1402 His
1170 1341 1382 1423 'temporibus

281 1446 639 1529 Constantinopolitanus
663 1444 823 1504 maximum
849 1440 1181 1524 pecuniam'fleinrico
1205 1440 1379 1523 quondum

278 1549 355 1631 Regi
379 1547 552 1621 transmisit,
574 1543 837 1619 utRuodbertum
849 1542 1059 1617 Wiseurdum,
1082 1542 1379 1604 dueemCaiubriuo

278 1656 312 1709 et
334 1648 484 1730 Apuliae,
505 1646 703 1706 coniuratum
724 1644 853 1705 militem
875 1641 990 1721 domini
1015 1644 1137 1723 Puppe,
1158 1642 1190 1703 iu
1212 1640 1377 1730 ultionem

279 1746 412 1809 eiusdem
428 1745 516 1827 Regis
536 1744 618 1825 hello
639 1752 813 1827 uppeteret.
855 1743 932 1804 Nam
945 1740 1144 1804 Ruodbertus
1165 1742 1225 1802 iam
1246 1740 1376 1802 (ludum

278 1850 352 1930 lines
377 1845 797 1927 Constantinopolitanorum
827 1843 952 1919 invasit,
982 1844 1159 1925 iterumque
1178 1841 1253 1902 illud
1272 1864 1376 1923 expe.

266 1944 426 2005 ditionem
444 1966 570 2005 movere
587 1926 751 2027 disposuit:
772 1943 825 2004 sed
839 1942 1001 2003 Heinrieus
1016 1951 1171 2024 acceptam
1193 1943 1377 2023 pecuniam,

278 2066 340 2105 non
375 2046 406 2103 in
433 2046 628 2126 procinctum
666 2053 777 2105 eontra
807 2043 1043 2121 Ruodbertum,
1073 2040 1159 2125 quod
1190 2041 1374 2105 iuramento

277 2146 443 2227 promisit,
464 2144 518 2206 sed
539 2145 578 2205 ad
599 2143 827 2205 conciliandum
859 2142 917 2204 sibi
939 2142 1046 2225 vulgus
1068 2144 1284 2203 Romanorum
1309 2144 1375 2202 im.

277 2243 396 2327 pendit.
441 2243 516 2305 Cum
551 2244 670 2307 Urbano
697 2244 807 2306 deinde
834 2241 986 2327 Pontifices
1011 2243 1145 2303 Alexius
1177 2243 1210 2301 in
1236 2244 1375 2323 gmttitm

277 2346 369 2405 rediit
387 2368 466 2406 urum
491 2342 578 2405 1089.
602 2358 634 2405 ut
663 2344 742 2405 idem
769 2342 925 2403 Bertoldus
944 2342 1041 2401 tates
1095 2344 1247 2401 Dominus
1279 2342 1372 2425 Papo

279 2446 653 2525 constantinopolitanum
684 2444 722 2504 ab
747 2441 1065 2503 excommunicatione
1080 2462 1139 2524 per
1159 2441 1276 2524 legutos
1293 2464 1371 2505 suos

279 2544 421 2605 obsolvit.
467 2546 548 2625 Quin
568 2568 609 2605 ex
623 2544 776 2603 Casinensi
794 2544 897 2603 chron.
922 2536 951 2601 4.
972 2564 997 2601 e.
1018 2536 1071 2602 48.
1094 2542 1278 2623 colligimus,
1300 2564 1371 2604 eum

272 2646 458 2729 postmodum
482 2644 650 2703 Occidentis
671 2642 833 2726 lrnpen‘nm
851 2665 872 2701 o
894 2641 1034 2703 Pasctntt
1055 2639 1142 2703 Pont.
1167 2664 1292 2727 sperare
1312 2666 1371 2704 au-

276 2764 349 2803 sum.
392 2742 511 2802 Alesios
536 2743 709 2821 imperator
737 2741 961 2803 strenuissimos
989 2764 1024 2805 ex
1052 2765 1108 2803 suo
1131 2742 1263 2824 imperio
1284 2742 1370 2804 viros

278 2840 410 2904 Romam
430 2864 500 2903 eum
521 2841 580 2901 suis
603 2840 712 2901 litteris
734 2843 832 2921 misit,
855 2842 965 2925 quibus
986 2866 1017 2903 se
1038 2842 1241 2902 iniuriam'eb
1263 2842 1371 2924 Impe-

278 2950 392 3017 ratore
415 2940 529 3002 illatam
550 2941 696 3002 Pontifici
725 2952 820 3025 utque
842 2943 1005 3018 Romanis,
1027 2941 1170 3003 dolenter
1187 2940 1307 3002 audisse
1325 2943 1371 3001 si-

276 3044 440 3127 gnificuus,
472 3041 582 3125 agebat
610 3044 810 3123 postmodum
831 3043 962 3125 gratias,
981 3064 1095 3124 eosque
1116 3042 1264 3103 laudabat
1284 3038 1371 3123 quod

276 3142 411 3204 viriliter
444 3141 485 3202 illi
522 3142 721 3204 obstitissent.
771 3146 872 3223 Atque
903 3142 945 3202 ol)
975 3140 1025 3221 id,
1052 3141 1080 3200 si·
1107 3140 1232 3201 illorum
1251 3141 1371 3199 animos

275 3251 402 3325 puratos
423 3252 645 3325 promptosque
666 3241 804 3303 sensisset
819 3247 865 3316 (ut
884 3241 941 3301 sibi
964 3241 1025 3301 iam
1046 3240 1164 3302 dudum
1186 3240 1369 3303 nunciatum

278 3342 391 3416 fueret)
416 3341 493 3403 velle
516 3342 563 3401 vel
585 3362 627 3419 se,
648 3342 697 3403 vel
719 3345 867 3403 loeusrem
886 3362 984 3417 suum,
1005 3342 1088 3401 iuxte
1110 3362 1228 3402 morem
1247 3342 1369 3422 priseo·

276 3462 348 3503 rum
372 3440 507 3501 fidelium
529 3441 774 3523 imperatorum,
796 3464 946 3503 asummo
963 3441 1116 3502 Pontifice
1134 3442 1252 3502 Romae
1273 3461 1368 3501 eoro-

279 3563 350 3605 nam
373 3541 499 3622 imperii
519 3561 649 3602 sumere.
694 3540 809 3603 Verum
829 3564 864 3603 eo
884 3541 1065 3617 redeuutem
1092 3555 1124 3603 ut
1144 3542 1260 3603 Annae
1266 3539 1369 3627 fidem

275 3641 308 3701 in
330 3644 377 3718 iis,
398 3666 473 3727 qnae
493 3656 600 3704 eontra
620 3654 740 3703 metros
762 3645 876 3727 scrupea
905 3642 1035 3726 reliquit,
1058 3655 1221 3724 praestare
1241 3661 1300 3699 non
1321 3640 1369 3697 lu·

277 3740 334 3819 lut,
359 3744 454 3805 itaet
476 3764 604 3823 eorum,
632 3764 713 3824 quae
733 3746 830 3805 nostri
848 3743 1001 3805 aduersus
1022 3742 1168 3803 Alexium
1186 3741 1280 3823 pleno
1298 3739 1368 3797 hor-
1456 3796 1462 3805 ,

274 3860 326 3901 reo
347 3845 482 3903 remensi
498 3858 576 3916 sunt,
599 3844 818 3905 auctoritatem
839 3843 1029 3925 desuffimusff:
1053 3862 1125 3903 num
1139 3842 1267 3919 largiter
1286 3839 1367 3897 hane

276 3936 445 4001 comnenae
468 3944 591 4005 retulere
621 3932 760 4026 gratiam,
790 3943 872 4027 qttod
888 3944 1038 4027 sequentia
1058 3942 1173 4026 aliquot
1192 3940 1259 3999 loca
1279 3937 1368 3999 doce·

275 4036 356 4121 burst,
380 4042 498 4124 longum
516 4046 612 4106 ut'sum
631 4046 732 4107 orrtnia
753 4044 929 4107 exsers'bere.
