3042 4909
429 293 498 357 nr
652 240 655 246 ’
760 284 959 352 recovrer
990 286 1191 354 senormr

432 448 534 521 omni
560 446 732 518 vitiorum
757 470 891 544 genere
917 445 1230 545 depravatissimo,
1249 445 1300 519 de
1337 445 1515 519 totiust

431 572 521 645 dicis
538 571 668 645 virtute
690 566 868 642 iudicium
893 571 1056 668 iniquius
1080 570 1183 664 serat,
1207 566 1479 642 monendum
1503 592 1515 639 c

431 692 616 793 quidquid
641 692 816 792 deinceps
842 693 1102 792 Apographum
1141 694 1230 767 inde
1254 694 1424 797 habet,
1452 694 1515 763 mu

432 821 552 892 sanius
577 840 673 911 esse,
700 843 770 891 nee
790 819 946 891 similem
974 842 1129 915 usquam
1156 818 1484 916 corruptelarum
1506 840 1515 890 ι

433 943 560 1016 dulum
586 942 752 1015 inrcnin'.
806 941 969 1013 Omnino
996 944 1202 1039 exemplum
1214 941 1307 1015 illud
1337 966 1448 1014 cum
1461 938 1515 1014 cot

434 1066 587 1161 liciano,
614 1079 792 1163 quantum
820 1086 863 1134 cx
875 1062 1097 1163 apographo
1123 1067 1307 1139 coniicere
1334 1068 1462 1161 licet,
1485 1079 1515 1136 nt

434 1190 569 1263 rimam
596 1183 873 1261 similitudinem
908 1186 1058 1281 habuit,
1089 1201 1131 1259 ut
1154 1188 1307 1261 aiterum
1346 1214 1406 1263 ex
1446 1187 1515 1258 aiter

433 1314 690 1408 transcriptum
734 1323 922 1406 putarem,
963 1312 1034 1383 nisi
1066 1312 1343 1384 Holstenianum
1391 1313 1440 1383 in
1474 1312 1515 1406 ipsi

436 1433 917 1533 iltis,quaec‹1istinianum
942 1437 1084 1534 egregia
1102 1437 1217 1530 affert,
1240 1436 1280 1508 in
1305 1436 1515 1532 reliquom

436 1557 736 1656 depravationem
770 1557 864 1628 mira
899 1558 1103 1629 constantia
1145 1556 1365 1642 diseederet.
1447 1553 1515 1624 titt

434 1680 584 1753 ultimus
608 1680 649 1753 in
675 1678 897 1777 apographo
932 1680 983 1750 ita
1018 1676 1169 1751 desinit:
1201 1678 1251 1771 μὴ
1285 1678 1350 1748 καὶ
1376 1675 1515 1772 ot’raypd

437 1816 570 1903 φοντες
594 1802 646 1874 τὰ
670 1802 815 1899 λυπηρὰ
840 1800 1180 1901 ἐμπικραιγοίμεὸα.
1240 1801 1391 1895 Quibus
1432 1795 1515 1873 verbi

439 1926 643 1999 Gronovius
668 1938 797 2023 postea
823 1930 928 2011 (nam
960 1949 1090 1997 manus
1115 1926 1163 1997 ab
1198 1949 1263 2021 ea,
1288 1952 1364 2024 qua
1392 1943 1515 2026 praeeo

438 2047 563 2122 dantia
583 2050 738 2146 scripsit,
765 2047 967 2121 admodum
988 2047 1204 2146 discrepat)
1230 2052 1515 2150 subscriptione!

441 2172 585 2247 addidit
619 2173 678 2244 his
702 2173 840 2245 verbisz

737 2286 898 2387 Ερῤίκου
929 2291 1000 2357 τοῦ
1023 2285 1239 2382 Δορμαλίου

588 2410 704 2499 Λῆξεν
726 2408 821 2483 ὅπου
840 2409 986 2509 dedomo
1011 2407 1159 2496 Αλέξιος
1185 2414 1206 2481 ὁ
1230 2390 1420 2510 Kopanydc
1513 2467 1515 2476 .

639 2538 745 2611 EaSa
770 2538 865 2617 καλὴ
887 2536 1052 2636 θυγᾷτηρ
1078 2534 1180 2622 λῆξεν
1205 2534 1414 2624 Αλεξιάδης.
1513 2537 1515 2570 ³

441 2662 599 2736 Eosdem
622 2682 743 2734 versus
768 2657 883 2734 editio
908 2660 1071 2733 Parisino
1092 2660 1250 2734 exhibet.
1302 2661 1515 2759 Quamquam

444 2788 495 2858 ibi
522 2785 654 2859 rectius
679 2785 719 2857 in
756 2797 918 2857 extremo
948 2778 1146 2880 Αλεξιάδος
1169 2786 1316 2883 legitur3
1347 2810 1417 2857 nec
1442 2785 1515 2855 Her

443 2912 508 2982 rici
534 2910 711 2985 Dormalii
733 2907 873 2985 mentio
898 2906 1093 3003 fit‚,qucm
1118 2906 1286 2981 codicem
1307 2908 1515 3008 descripsisn

443 3026 621 3132 suspicorss
670 3034 746 3106 lam
770 3054 858 3103 vero
877 3029 1037 3107 incalce
1053 3028 1263 3128 Apographi
1289 3047 1445 3131 quatuor
1467 3032 1515 3102 ha

444 3156 577 3230 bentur
618 3151 862 3250 appendices,
901 3174 923 3223 a
952 3148 1139 3225 Gronorio
1171 3150 1299 3226 itidem
1336 3158 1515 3231 mention

445 3304 556 3351 manu
596 3289 771 3349 exaratae.
832 3272 996 3366 Quarum
1032 3274 1194 3371 quidem.
1218 3280 1337 3375 prima
1374 3282 1515 3353 continet:

446 3386 710 3500 Fragmentum
731 3400 816 3473 libri
842 3399 930 3470 Xlll.
971 3423 1008 3495 p.
1023 3396 1108 3471 394.
1131 3401 1172 3473 Α.
1201 3443 1247 3454 —-
1272 3407 1426 3501 385.A.‚
1452 3422 1515 3476 unt·

447 3524 534 3597 solio
577 3535 765 3617 constans,
803 3520 906 3619 quod
948 3544 992 3593 cx
1017 3521 1180 3596 Medicco
1222 3525 1351 3600 codiee
1385 3530 1509 3602 desum·

446 3662 525 3721 tum
551 3644 712 3743 ridetur,
749 3646 864 3745 idque
893 3672 975 3721 eam
1008 3648 1058 3719 ob
1089 3672 1257 3746 causam,
1289 3653 1374 3749 quia
1393 3653 1511 3724 flante

449 3772 578 3845 nianus
608 3768 661 3844 ibi
693 3769 887 3842 lacunosus
921 3783 1017 3866 crat,
1037 3786 1079 3862 ut
1112 3796 1156 3845 ex
1186 3772 1400 3872 Apographo
1418 3780 1508 3870 patet

447 3894 526 3965 Hoc
550 3909 671 3967 autem
705 3894 957 3990 Fragmentum
984 3896 1117 3992 excipit
1141 3896 1309 3992 Epitome
1341 3897 1415 3969 libri
1431 3892 1504 3979 tlt,

404 4024 409 4033 '
449 4040 544 4113 quae
579 4019 751 4115 inscripta
790 4031 861 4091 cst:
894 4016 1109 4092 ΑΛΕΞΙΑΟ
1141 4016 1410 4093 ΔΩΔΕΚΑΤΗ.
1457 4016 1506 4091 Sit

450 4142 594 4239 incipit:
619 4143 677 4215 Τὰ
697 4146 764 4236 μὲν
792 4135 857 4218 οὖν
878 4140 939 4227 τῆς
967 4143 1108 4241 πρώτης
1132 4137 1416 4246 ’διαπεραιώσεως
1436 4138 1503 4241 ἔργα
