3042 4909
330 320 407 375 ¹02
665 318 804 383 ANNAE
837 316 1059 383 comnenae

234 468 550 553 Ὓ-ἰνίξοιτηοόμενσι
567 464 751 553 βοῆδειαν.υ
800 463 830 531 οἶ
858 467 894 531 δὲ
924 466 1080 529 ἐπέκειντο
1110 459 1237 549 σφόδρα
1266 484 1411 544 μετακαυ

288 568 464 648 Βλούμενοι
486 566 619 651 ταύτην·
642 564 888 650 α’γαναιιτὴσασα
908 564 943 628 δὲ
965 560 1077 647 ἦγυνη
1098 586 1176 647 φησι
1195 562 1273 648 πρὸς
1285 562 1408 635 adami:

318 672 338 705 “
346 663 601 751 παραχωρήσατε
619 688 676 744 μοι
705 666 751 738 εἰς
781 662 838 747 την
868 666 928 725 rosi
951 662 1032 725 θεοῦ
1059 660 1223 745 ἐκκλησίαν
1250 662 1407 725 εἰσελθεῖν

316 765 542 847 προσκυνῆσαι.
594 757 709 827 ἄτοπον
735 761 797 846 γάρ
820 764 905 825 ἐστιν
932 763 977 834 εἰς
1008 761 1084 833 τούς
1114 762 1277 836 uvarum
1306 760 1405 841 αιίτῆς

316 860 514 945 φθάσασαν,
550 860 594 945 μη
618 863 773 925 εἰσελθεῖν
800 863 856 923 καί
885 860 1027 940 μεσίτιδι
1053 858 1091 944 τῇ
1117 858 1327 945 παναχριίντιρ
1348 862 1435 937 ‹ie-5

314 967 425 1049 σποίνη
446 959 502 1025 καί
520 958 695 1045 θεομητορι
712 958 900 1044 χρήσασθαι
916 954 961 1033 εἴς
981 978 1015 1020 τε
1034 953 1178 1021 τὸνθεόν
1200 956 1256 1021 ιιαί
1269 955 1325 1040 τη“ν
1345 960 1407 1023 τοῦ

313 1064 469 1143 βασιλέως
500 1057 643 1143 ψυχην.”
690 1056 747 1142 την
779 1050 906 1140 εὔλογον
936 1048 993 1120 uda
1018 1051 1140 1139 αἴτησιν
1166 1058 1223 1140 τῆς
1255 1054 1407 1139 γυναικὸς

316 1160 515 1235 αἰδεσθέντες
532 1156 563 1223 οἰ
581 1161 745 1243 πρέσβεις,
765 1158 1017 1239 παραχωροῦσιν
1042 1155 1124 1242 αἰτῇ
1143 1156 1199 1237 τῆς
1220 1154 1360 1220 εἰσόδου.
1384 1150 1405 1238 ἦ

315 1260 352 1321 δὲ
371 1258 492 1341 βραδεῖ
516 1255 594 1321 ποδί
618 1256 788 1339 στείχουσα
820 1248 947 1330 οἷςοίον
983 1253 1046 1319 α’πὸ
1079 1256 1134 1337 τῆς
1153 1255 1255 1339 λοίπης
1272 1253 1329 1319 καί
1346 1257 1406 1319 τοῦ

314 1355 422 1442 γήρως
443 1364 636 1440 κεκμηκυῖα,
663 1358 784 1437 μᾶλλον
812 1358 848 1420 δὲ
877 1354 935 1418 ναί
961 1352 1018 1419 τίν
1049 1352 1219 1437 κεκμηκόεα
1236 1350 1454 1438 δυοκρινο-ιο

313 1460 413 1540 μίνη,
437 1455 516 1539 περί
530 1476 564 1518 τε
583 1451 667 1519 aare
685 1476 747 1516 που
783 1452 822 1517 τὰ
845 1453 969 1517 εἰσόδια
989 1455 1057 1517 τοῦ
1078 1450 1168 1535 ἱεροῦ
1186 1451 1326 1537 βήματος
1347 1475 1405 1517 πε-

315 1552 438 1619 λάσασα
458 1551 515 1618 καί
532 1555 729 1635 γονυιιλισίας
748 1551 807 1617 δύο
823 1554 1035 1636 ποιησαμένη,
1057 1554 1132 1637 περί
1146 1549 1200 1636 τὴν
1218 1554 1327 1636 τρίτην
1345 1578 1404 1617 κα-

315 1656 470 1718 θεσθεῖσα
502 1654 625 1735 χαμαί,
658 1649 754 1736 δπρίξ
771 1655 834 1716 ταῖν
862 1648 959 1733 ἁγίων
983 1648 1084 1731 εἴχετο
1114 1653 1244 1733 δυριόν,
1267 1653 1405 1732 ἐπιβοω-

286 1757 393 1835 εμένη
413 1751 458 1827 οἷς
475 1759 496 1793 “
505 1752 537 1816 εἰ
550 1752 595 1835 μὴ
618 1749 676 1827 ede
694 1760 805 1836 χεῖρας
831 1752 1066 1833 εἰπστμηθείην,
1096 1750 1153 1813 ουίι
1173 1741 1213 1814 δν
1233 1752 1293 1814 τοῦ
1312 1747 1408 1834 ἱεροῦ

315 1854 479 1930 τεμένους
493 1850 674 1935 ἐξίλθοιμι,
709 1852 742 1916 εἰ
770 1848 813 1934 μὴ
841 1848 897 1914 τὸν
925 1852 983 1911 τοῦ
1006 1851 1162 1931 βασιλέως
1183 1844 1289 1931 ὥσπερ
1311 1850 1454 1933 &xer-15

314 1972 391 2033 γυον
409 1952 465 2033 τῆς
483 1952 642 2035 σωτηρίας
660 1947 812 2033 δεξαίμην
831 1952 999 2031 οταορόν.”
1040 1945 1184 2028 ἐκβαλών
1206 1950 1242 2011 δὲ
1262 1945 1282 2011 ὅ
1300 1951 1405 2033 Στρα-

315 2046 504 2132 βορωμανδς
522 2042 618 2135 ὅνπερ
638 2050 810 2135 ἐπεφέρετο
831 2044 967 2131 σταυρὸν
987 2042 1149 2128 δγκίλπιον
1169 2046 1287 2112 ἐδίδου.
1328 2047 1349 2132 ἦ
1369 2049 1407 2112 δὲ

317 2151 396 2213 “ov'a
421 2150 478 2234 ἀφ’
503 2145 594 2229 iaris
623 2145 683 2231 τὴν
703 2149 921 2232 πληροφορίαν
944 2148 1041 2226 αἰτοῖ,
1072 2146 1139 2210 ἀλλ’
1171 2140 1328 2223 ε’ξαείτοῦ
1347 2148 1407 2209 τοῦ

315 2251 472 2331 βασιλέως
501 2248 638 2330 ε’πιζητοῖ
656 2244 714 2331 την
743 2248 908 2329 εἰρημένην
926 2244 1091 2328 βοήθειαν.
1135 2244 1191 2309 καί
1209 2244 1278 2309 οὐδ’
1297 2240 1407 2321 ἅπλῶς

317 2350 352 2411 ἰν
372 2350 475 2434 μικρῷ
493 2349 624 2430 μεγέθει
649 2342 706 2409 τὸν
734 2340 899 2424 διδόμενον
923 2337 964 2407 δν
989 2340 1131 2428 σταυρόν
1148 2347 1315 2428 δεξαίμην,
1337 2347 1455 2421 α’λλήο

317 2444 479 2529 ιίξιόλογον
492 2444 528 2510 εδ
543 2448 679 2529 μέγεθος
698 2441 848 2525 ἔχοντα.”
890 2443 1049 2533 (τοῦτοδὲ
1069 2441 1222 2526 ἐπεζήτει,
1236 2442 1289 2508 ἵνα
1310 2466 1408 2507 κατα·

318 2548 418 2627 paris
437 2541 517 2629 πρὸς
535 2548 656 2626 ἐκείνην
675 2539 710 2606 τὸ
735 2536 841 2625 δριτιον
864 2542 1004 2624 γίνοιτο·
1047 2544 1083 2607 ἐν
1102 2548 1205 2631 μικρῷ
1227 2539 1289 2627 γδρ
1309 2566 1407 2607 σταυ-

317 2640 375 2730 ρίηι
410 2646 467 2725 τῆς
493 2638 697 2745 ὑποσχέσεως
720 2642 904 2725 γενομένης,
930 2638 1015 2724 τάχα
1045 2635 1086 2707 δν
1119 2640 1191 2718 τούς
1207 2639 1342 2719 πολλοὺς
1365 2640 1406 2707 su*

387 2844 584 2977 {zamma
601 2827 635 2888 o:
724 2836 767 2907 τί.
785 2834 976 2910 ἀποτμηθείην
994 2836 1032 2903 0,
1049 2835 1223 2911 δπστμηδείη
1239 2838 1292 2891 PG.
1365 2840 1404 2891 ru.

320 3058 384 3113 stati
402 3066 465 3112 tuae
485 3060 653 3131 patefaciant
669 3060 856 3132 auxiliumque
873 3062 1052 3132 ἰτιιρῐοιεαευ
1068 3062 1244 3114 nihilominus
1268 3060 1407 3116 instabant

320 3132 364 3183 ilii
382 3130 417 3181 ad
433 3133 622 3201 imperatorem
635 3146 695 3182 eam
713 3147 831 3183 evocare.
846 3132 876 3183 id
891 3133 969 3184 Anna
981 3132 1096 3185 moleste
1113 3133 1211 3195 serens,
1229 3132 1338 3197 “sinite
1356 3150 1408 3197 me,

321 3204 421 3271 inquit,
437 3200 483 3253 dei
501 3201 650 3263 ecclesiam,
668 3210 700 3253 ut
715 3201 756 3253 ibi
767 3200 884 3267 adorem,
903 3202 1016 3273 ingredi.
1034 3220 1128 3273 parurn
1148 3206 1221 3254 enim
1243 3202 1329 3267 decet,
1347 3222 1408 3255 cum

321 3274 357 3323 ad
374 3282 467 3341 portas
481 3271 608 3336 venerim,
622 3272 758 3334 recedere,
775 3274 933 3343 priusquam
950 3273 1138 3327 immaculatae
1156 3274 1282 3326 dominae
1300 3282 1328 3325 et
1347 3274 1407 3325 dci-

321 3360 403 3413 parae
421 3358 500 3411 opem
521 3343 699 3394 invocaverim
728 3342 764 3393 ad
784 3344 865 3394 deum
885 3352 913 3395 et
930 3344 1099 3413 imperatoris
1119 3346 1238 3395 animum
1255 3343 1324 3394 mihi
1342 3360 1409 3395 con-

321 3414 479 3465 vitisator?
512 3414 588 3464 cuius
612 3414 742 3481 postulati
772 3416 938 3483 aequitatem
965 3416 1049 3482 iegati
1077 3416 1204 3480 reveriti,
1229 3414 1330 3466 intrare
1348 3432 1408 3466 cam

321 3485 448 3536 siverunt
466 3483 561 3553 itaque
578 3482 626 3534 iila
642 3483 718 3543 tarde
737 3484 876 3547 incedens,
892 3492 924 3536 ut
943 3502 1014 3555 quae
1031 3494 1060 3537 et
1077 3485 1172 3537 dolore
1190 3492 1219 3537 et
1236 3492 1326 3537 aetate
1343 3502 1409 3537 con-

323 3554 394 3606 iecta
416 3562 505 3616 esset,
532 3554 576 3605 vel
595 3554 687 3622 potius
711 3555 897 3607 infirmitatem
922 3556 1074 3620 simularet,
1094 3564 1238 3627 postquam
1258 3556 1294 3607 ad
1321 3558 1409 3626 ipsum

323 3626 380 3675 iere
394 3623 496 3676 aditum
506 3625 573 3675 sacri
586 3622 700 3675 bematis
711 3629 850 3695 processit,
861 3642 931 3695 genu
944 3626 986 3677 bis
996 3628 1075 3691 ssexo,
1091 3644 1151 3678 cum
1165 3628 1272 3679 tertium
1286 3644 1410 3696 procum·

323 3694 417 3756 beret,
435 3696 511 3745 humi
528 3694 653 3747 subsedit
674 3698 811 3766 sacrisque
831 3697 915 3767 portis
935 3696 1143 3767 comprehensis,
1162 3699 1215 3749 nisi
1233 3712 1340 3761 manus,
1355 3698 1409 3749 cia-

324 3775 387 3828 mat,
400 3766 452 3818 sibi
464 3766 695 3829 abscinderentur,
706 3770 808 3838 templo
822 3784 851 3819 se
862 3785 917 3820 non
931 3776 994 3820 ante
1013 3768 1197 3832 discessuram,
1212 3786 1293 3839 quam
1304 3782 1410 3819 crucem

324 3836 492 3903 imperatoris
516 3845 643 3907 tanquam
662 3837 759 3889 salutis
775 3840 873 3909 pignus
891 3841 1047 3909 accepisset.
1082 3839 1313 3901 Straboromanus,
1330 3855 1410 3907 quarn

324 3904 359 3956 dc
376 3906 446 3957 coilo
463 3906 627 3977 pendentem
654 3908 785 3977 gestabat,
812 3926 916 3961 crucem
941 3912 966 3961 ei
989 3910 1107 3977 obtulit3
1125 3926 1219 3963 verum
1238 3911 1286 3960 iiia
1302 3918 1377 3961 “non
1394 3926 1410 3959 a

323 3974 417 4038 vobis,
438 3977 543 4046 inquit,
562 3980 644 4030 fidem
663 3979 730 4030 mihi
748 3978 807 4030 dari
834 3982 931 4049 cupio,
948 3980 996 4033 sed
1016 3982 1051 4032 ab
1070 3982 1128 4050 ipso
1147 3982 1310 4050 imperatore
1327 3996 1409 4049 quam

325 4046 551 4099 distractionem
572 4050 695 4117 postu103
725 4066 817 4120 neque
835 4052 945 4102 omnino
962 4052 1093 4103 minutam
1113 4052 1197 4103 taiem
1215 4068 1321 4102 crucem
1339 4050 1409 4100 acci-

323 4118 406 4187 piam,
424 4116 471 4168 sed
483 4120 675 4185 magnitudinis
691 4119 830 4173 idoneae?
849 4120 917 4191 (hoc
933 4122 997 4173 ideo
1012 4121 1152 4191 flagitavit,
1170 4130 1202 4173 ut
1222 4120 1409 4172 iusiurandum

326 4187 379 4241 sibi
396 4189 555 4259 praestitum
578 4193 668 4261 patara
683 4190 769 4248 fieret.
797 4194 820 4245 si
839 4192 957 4246 enimin
975 4208 1055 4263 parva
1081 4208 1159 4247 cruce
1177 4192 1320 4263 promissio
1339 4192 1410 4243 iacta
