3042 4909
485 364 725 431 valtramo,
1105 369 1149 429 xl

66 502 230 577 iblioth.
263 501 490 577 Laurentian.
520 504 678 577 Tomll.
704 532 741 604 p.
758 508 844 581 656.
880 508 930 581 ita
957 507 1150 579 describit:

56 623 456 717 ,Animadvertendum
480 642 553 721 est,
592 630 733 727 inquit,
762 629 888 703 deesse
921 632 960 703 in
990 632 1151 704 hoc-ex-

66 751 211 847 mplari
250 763 369 821 toturn
404 750 478 823 lere
500 752 714 849 Prologum,
740 753 841 826 cuius
864 769 1006 829 tantum
1031 768 1153 829 extant

77 874 185 945 ltima
213 874 341 947 rerba:
375 871 499 945 τοίνυν
534 870 682 947 ἐνθένδε
710 882 774 958 τῆς
806 877 972 975 ἱστορίας
1002 908 1032 950 κ.
1057 906 1091 950 τ.
1116 882 1150 954 λ.

51 993 140 1069 blox
173 998 306 1095 incipit
330 997 490 1082 Ἀλεξιὰς
522 998 655 1098 πρώτη.
714 998 755 1071 Ὁ
790 997 966 1096 βασιλεὺς
999 998 1153 1084 'Abilene

61 1124 148 1195 acl„
211 1125 352 1197 Desinit
375 1122 414 1196 in
439 1125 548 1197 Libro
562 1124 646 1197 le.
683 1126 721 1197 in
744 1126 882 1198 verbis:
912 1124 976 1195 καὶ
1000 1125 1067 1207 τὰς
1091 1122 1154 1196 δυ-

37 1252 40 1315 ‚⁵
59 1246 187 1337 νέμεις
213 1246 383 1344 ἁπάσας,
409 1273 504 1345 quae
526 1247 694 1321 incidunt
710 1250 749 1321 in
766 1249 852 1322 edit.
871 1250 981 1322 Paris.
998 1275 1035 1345 p.
1048 1244 1156 1345 449„

59 1370 125 1439 ubi
151 1368 350 1442 adnotatur
382 1372 420 1442 in
454 1370 633 1471 margine:
665 1370 753 1444 “Hic
779 1371 904 1444 delicit
928 1368 1052 1445 Codex
1076 1376 1158 1445 Flo-

33 1490 36 1524 ''
63 1492 260 1565 sentinus?
312 1492 410 1566 Alius
430 1507 618 1589 praeterea
632 1492 792 1566 delectue
804 1493 961 1567 duorum
986 1493 1157 1569 loliorum

65 1628 142 1685 erat
168 1616 291 1711 paullo
316 1630 399 1691 ante
417 1614 528 1688 finem
549 1614 724 1712 Codicis,
738 1632 780 1688 ut
805 1643 848 1689 cx
873 1617 1038 1717 apposita
1060 1641 1158 1688 mar·

61 1738 175 1833 ginali
194 1754 282 1813 nota
296 1741 446 1834 eruitur,
471 1739 545 1810 ἀπὸ
564 1745 635 1811 τῶν
652 1733 721 1812 ὧδε
741 1740 911 1812 λείπουσι
930 1742 1060 1839 φύλλα
1079 1735 1158 1831 δύο,

66 1862 133 1959 qui
160 1862 295 1935 deinde
313 1888 426 1937 manu
440 1864 530 1936 item
547 1864 699 1962 antiqua
720 1865 907 1962 suppletus
933 1865 1010 1937 suit.
1036 1862 1161 1938 Codex

65 1986 367 2061 membranaceus
385 1984 453 2059 MS.
470 1982 510 2057 in
523 1981 559 2056 ll.
584 1986 734 2081 maiori,
759 1985 860 2059 Sacc.
875 1986 969 2081 xlt,
993 1988 1160 2060 omnium

66 2110 405 2205 praestantissimus,
418 2132 529 2207 quem
540 2109 597 2180 vel
613 2107 835 2205 descriptum
849 2110 906 2181 rel
919 2110 1160 2208 approbatum

68 2234 113 2305 ab
140 2235 217 2332 ipsa
229 2232 333 2305 Anna
358 2231 587 2307 doctissimus
600 2231 754 2329 Langius
777 2234 988 2330 suspicatur.
1016 2229 1164 2303 Constat
1269 2294 1273 2303 .

71 2357 166 2429 loliis
190 2358 332 2453 scriptis
357 2338 468 2431 ‘5105‘
528 2352 620 2429 Cum
654 2356 729 2429 hoc
759 2356 969 2428 Florentino
994 2356 1069 2427 sive
1093 2381 1164 2453 po·

69 2480 140 2551 tius
159 2478 326 2553 Medicco
349 2478 478 2553 codice
502 2480 597 2553 liber
621 2478 877 2553 Gronovianus
902 2479 952 2551 ita
976 2482 1164 2577 congruit,

69 2618 110 2675 ut
132 2618 212 2677 tota
239 2604 417 2677 Praefatio
443 2602 621 2679 Alexiadis
651 2604 715 2677 hic
736 2629 888 2703 quoque
920 2602 1035 2698 desit,
1061 2628 1165 2700 prae·

71 2744 126 2801 ter
156 2730 271 2803 verba
292 2728 609 2831 ,extremacolvov
635 2726 782 2803 cratete
814 2744 904 2825 etc,
934 2753 1029 2828 quae
1052 2753 1091 2824 p.
1107 2736 1165 2822 11,

74 2854 107 2923 7.
131 2851 191 2926 ed.
218 2864 331 2925 nostr.
359 2854 536 2951 leguntur.
589 2850 758 2945 Accedit,
792 2850 894 2948 quod
919 2875 940 2923 a
964 2850 1051 2921 lolio
1079 2850 1165 2922 inde

72 2976 245 3047 uicesimo
273 2976 407 3073 passim
432 2990 507 3048 tam
539 2976 578 3055 in
603 2976 766 3074 margine
800 2998 911 3073 qnam
934 2975 1029 3046 inter
1053 2974 1167 3045 lineas

71 3100 281 3171 varietatem
300 3098 448 3173 exhibet
461 3098 672 3191 lectionum,
691 3094 806 3169 modo
824 3096 951 3181 litteris
963 3095 1040 3188 FL,
1052 3095 1166 3166 modo

75 3222 117 3295 F.
133 3224 227 3318 solo,
252 3222 469 3295 distinctam.
498 3220 641 3313 Quibus
657 3222 784 3293 litteris
805 3220 970 3295 codicem
991 3220 1168 3291 Florenti·

74 3370 162 3417 num
184 3344 376 3443 designari,
392 3366 501 3417 nemo
517 3370 593 3417 non
609 3342 718 3417 videt.
745 3346 892 3416 Praetor
904 3344 969 3415 has
982 3343 1169 3437 lectiones,

76 3492 194 3565 quae,
225 3468 325 3542 unde
355 3472 540 3564 venerint,
576 3470 675 3568 ipsae
712 3469 935 3568 loquuntur,
972 3470 1166 3541 nonnullae

75 3590 205 3685 etiam,
230 3592 385 3665 maxime
412 3594 525 3687 exlio,
551 3616 646 3691 quae
667 3592 774 3665 lincis
787 3594 1051 3690 superscriptae
1072 3606 1168 3687 sunt,

76 3714 176 3787 omni
204 3716 385 3790 eiusmodi
410 3716 672 3817 significatione
704 3733 839 3792 carent.
892 3720 1076 3812 Quoniam
1104 3743 1170 3791 au·

77 3848 152 3909 tem
184 3839 340 3912 candem
373 3840 481 3939 plane
515 3840 699 3915 scribendi
733 3842 991 3938 diversitatem,
1016 3868 1059 3917 ac
1085 3843 1170 3915 roli-

56 3983 149 4055 iqua
184 3984 227 4033 ex
253 3962 417 4037 Mediceo
443 3964 589 4060 hausta,
620 3990 707 4062 prae
732 3990 770 4038 se
796 3966 937 4060 learnt,
962 3968 1053 4041 nihil
1078 3968 1171 4039 mihi

79 4085 306 4177 probabilius
331 4087 492 4185 videtur,
518 4114 628 4187 quam
654 4092 720 4165 has
753 4115 905 4191 quoque
929 4093 1105 4165 lectiones
1129 4116 1172 4163 cx

80 4206 212 4283 eodem
239 4209 337 4286 sonte
363 4211 540 4290 derivatas
565 4238 652 4289 esse.
685 4212 853 4289 Ceterum
878 4217 1078 4313 specimina
1106 4217 1174 4289 ista
