3042 4909
337 313 460 385 xxxiv
702 321 849 384 sunm
879 319 1034 384 Possint

338 530 470 593 quarum
491 508 672 571 sententiam
701 506 752 569 uhi
785 508 882 567 verbe
906 517 958 569 aut
983 516 1061 568 nutu
1084 505 1270 584 indicarunt,
1291 508 1443 570 istorum

336 617 399 679 iam
420 616 578 701 negotium
600 624 662 693 est,
683 634 743 697 pro
767 638 820 675 sua
848 615 997 699 cuiusque
1020 614 1176 692 facultate,
1198 623 1341 676 mentem
1363 616 1444 678 suh-

337 724 487 808 scripturi
514 724 626 786 deinde
652 722 828 805 Principis,
855 744 890 784 ex
921 722 985 785 eius
1005 721 1153 805 dignitate
1184 724 1292 807 reique
1315 726 1444 785 merito

338 856 432 918 quam
465 834 618 915 aptissime
652 854 808 915 quamque
842 832 1039 892 disertissime
1062 828 1220 892 disserere.
1260 830 1444 894 Postremo

339 942 513 1003 conandum
536 947 571 1001 nt
591 941 705 1003 Gracci
729 962 823 1024 quem
844 940 1078 1021 exprimendum
1099 959 1292 1021 susceperam
1317 940 1443 1003 arche-

340 1050 408 1133 typi
428 1072 488 1109 non
510 1050 751 1131 superficiariam
780 1047 877 1108 solum
904 1046 1036 1107 formam
1066 1056 1118 1108 aut
1138 1050 1249 1109 extima
1270 1048 1444 1111 dumtaxat

338 1157 524 1219 lineamenta
554 1158 666 1241 (qualia
696 1156 868 1217 viventium
902 1154 933 1214 in
959 1165 1085 1218 mortuo
1116 1162 1234 1217 restant
1265 1155 1444 1235 cadavere)

338 1266 418 1349 stylo
442 1258 611 1349 utcumque
645 1265 819 1326 assimulata
853 1260 1032 1324 redderem:
1064 1284 1172 1325 verum
1193 1264 1280 1325 illum
1304 1265 1446 1348 insuper

338 1373 495 1456 vigentem
523 1394 559 1434 sc
590 1352 785 1455 iegetantem
810 1372 909 1449 intus,
937 1370 1128 1455 subindeque
1156 1372 1232 1433 vivis
1253 1394 1289 1433 er
1312 1394 1443 1434 arcano

339 1480 582 1544 cribrationihus
603 1480 771 1541 micantem
790 1482 918 1542 Latinae
946 1502 1073 1565 quoque
1102 1480 1285 1563 expositioni
1309 1483 1444 1564 penitus

340 1590 479 1652 inderem
500 1599 595 1673 atque
625 1587 812 1668 inhalarem,
833 1590 858 1651 si
878 1610 1007 1672 possem,
1029 1590 1193 1671 spiritum,
1212 1588 1299 1650 velut
1318 1590 1442 1673 ignem,

340 1698 449 1776 aiunt,
485 1697 630 1759 aetherea
663 1694 851 1759 subductum
882 1698 977 1759 domo
1005 1696 1092 1758 luteo
1112 1697 1319 1761 Prometheus
1343 1672 1441 1781 operi

338 1806 470 1885 miscuit,
490 1805 568 1868 nihil
589 1805 708 1889 alioqui
730 1825 824 1889 supra
845 1826 973 1867 massam
998 1804 1089 1867 vilem
1108 1804 1272 1866 madefacti
1293 1805 1441 1888 pulveris

339 1914 457 1978 futuro.
501 1914 556 1975 His
577 1935 634 1999 ego
658 1923 709 1976 tot
728 1914 935 1993 cautionibus,
959 1921 1010 1975 tot
1032 1912 1380 1996 circumspectionibus,
1403 1934 1442 1975 ac

340 2018 594 2085 destinationibus
611 2032 677 2084 tam
697 2016 791 2083 variis
805 2021 1044 2104 praemunitam,
1067 2021 1130 2083 imo
1152 2018 1247 2083 delire
1266 2023 1440 2099 intentam,

340 2138 435 2213 atque
456 2131 546 2192 anxie
572 2129 736 2192 sollicitam
759 2140 895 2191 mentem
914 2129 1009 2192 liuhai
1041 2140 1110 2191 tota
1133 2130 1164 2190 in
1188 2130 1353 2193 functione
1379 2130 1441 2192 de-

341 2238 477 2301 mandati
506 2238 594 2300 huius
624 2260 643 2299 a
672 2248 704 2299 te
728 2238 802 2300 milri
834 2238 968 2299 muneris
984 2224 1256 2300 'luculentissimae
1283 2238 1440 2301 historiae

339 2346 455 2407 Latinis
483 2346 620 2409 edendae
642 2347 762 2409 litteris.
813 2346 1010 2427 Quamquam
1038 2366 1125 2406 meae
1142 2366 1193 2407 mc
1213 2346 1439 2408 imbecillitatis

340 2456 527 2517 conscientia
550 2454 678 2517 nimium
700 2454 810 2514 timere
832 2453 926 2533 cogit,
948 2471 1008 2511 non
1032 2451 1127 2513 modo
1151 2474 1190 2513 ne
1211 2451 1295 2535 quod
1317 2474 1436 2537 seque-

339 2560 399 2623 bar
418 2584 480 2623 non
503 2572 682 2645 assequutus
700 2562 775 2638 sim,
795 2580 905 2620 verum
927 2560 1019 2620 etiam
1041 2582 1080 2621 ne
1101 2562 1132 2621 in
1152 2560 1223 2622 alias
1242 2559 1358 2622 diversi
1378 2582 1436 2645 gc-

340 2668 423 2729 neris
454 2668 708 2747 reprehensiones
739 2665 937 2727 incurrerim.
992 2668 1063 2727 Seio
1085 2668 1233 2729 nimirum
1251 2668 1333 2746 scio,
1354 2669 1437 2730 hacc

342 2773 380 2836 de
402 2796 464 2855 qua
485 2772 564 2852 dixi,
584 2797 681 2857 quam
700 2774 868 2856 profiteor,
897 2773 996 2837 libere
1018 2777 1180 2860 politeque
1202 2776 1435 2859 interpretandi

339 2896 422 2943 secta
443 2890 474 2943 et
493 2882 585 2960 ratio,
610 2882 660 2943 eui
680 2892 878 2966 quantaeque
900 2882 1059 2944 offensioni
1081 2885 1214 2966 exposita
1237 2885 1276 2961 sit
1294 2883 1436 2946 tristium

342 3008 554 3055 censurarum.
597 2989 675 3052 Sunt
692 2990 746 3071 qui
768 3012 856 3052 nares
877 3000 1056 3073 corrugent,
1078 2991 1133 3073 qai
1157 2990 1356 3073 superciliose
1380 3012 1434 3051 rc·

342 3104 439 3158 nuant
460 3098 583 3180 quoties
605 3099 742 3159 excrrrrit
763 3099 872 3159 Latina
894 3099 997 3160 oratio
1018 3120 1112 3181 supra
1134 3102 1267 3160 Graecae
1287 3098 1435 3171 meduan

343 3208 464 3289 quoties
485 3206 615 3267 vicissim
643 3206 790 3267 fluentem
819 3208 904 3269 velut
925 3207 1025 3268 sinum
1048 3207 1171 3267 Asiatici
1193 3208 1342 3291 Syrmatis
1364 3209 1435 3268 lto-

341 3335 451 3376 manae
479 3313 650 3376 munditiae
678 3314 826 3375 hreviore
853 3315 1044 3377 succinctum
1078 3314 1159 3375 nodo
1182 3324 1310 3398 cogunt.
1355 3314 1435 3391 Quis

343 3412 447 3483 danaes
471 3431 633 3485 enumeret
653 3422 776 3483 delicias
797 3422 1005 3495 fastidiorum,
1029 3443 1162 3505 quarum
1185 3424 1214 3483 in
1231 3444 1355 3484 censum
1377 3440 1433 3483 ve-

343 3528 434 3590 niunt
456 3530 649 3591 oscitationes
668 3529 747 3591 male
775 3530 959 3592 feriatorum
979 3530 1088 3613 supina
1111 3532 1270 3593 interdurn
1289 3540 1321 3592 et
1339 3530 1434 3592 semi-

343 3618 445 3696 somni
472 3634 603 3699 lectione
632 3636 708 3699 nihil
736 3639 791 3698 nisi
821 3616 1099 3701 ansas'vellicandi
1131 3641 1332 3723 captantium.
1384 3637 1434 3697 tic

342 3744 503 3822 eraimvero,
529 3744 628 3824 aiunt,
653 3744 767 3806 Graiae
788 3768 911 3808 manen
929 3748 1068 3829 αιῃτιείαε
1082 3750 1223 3831 pinguem
1243 3750 1433 3829 interpretem

343 3849 426 3910 harad
441 3855 593 3933 ριιριιςίτ.Ι
634 3852 714 3913 Alias
744 3854 946 3921 subsannante
979 3856 1034 3915 farsi
1057 3876 1148 3938 quam
1176 3854 1319 3937 pandum
1346 3854 1433 3912 circa

341 3958 447 4019 orbem
460 3963 563 4019 errat!
582 3968 627 4021 est
642 3958 694 4023 uhi
705 3960 893 4045 flagitium!
914 3963 1085 4045 increpent
1106 3962 1189 4047 quod
1208 3960 1323 4022 iudicio
1346 3958 1431 4039 ipse-

345 4084 415 4123 rum
436 4068 658 4145 strangulentur
676 4070 789 4129 autoris
809 4090 915 4146 sensa,
942 4069 1026 4153 qrsod
1045 4082 1190 4130 nascentur
1208 4086 1305 4130 areca
1325 4066 1431 4150 plum-

345 4170 416 4232 beis.
436 4172 517 4257 quod
526 4174 619 4235 stricti
632 4178 711 4237 sales
725 4179 943 4260 intemperatus·
945 4179 1080 4240 'Lutbm
1099 4179 1204 4264 copiae
1227 4174 1429 4260 supefficsioue
