3042 4909
337 307 413 396 ι’8ο
679 329 819 396 suurn
850 327 1074 395 cormeum

327 490 361 552 ἐν
384 489 475 552 νυκτί
503 485 580 546 oriali
604 478 711 564 λα’θρα
736 483 960 563 ἐμπίπτουσιν,
984 475 1066 542 (itti
1102 479 1157 540 καί
1185 470 1308 559 ἡμέρας
1342 465 1422 557 cipri

327 585 537 670 ου’γαζούσης.
577 584 634 645 καί
651 579 681 644 oi
704 583 783 654 τὲως
804 579 960 663 δεκάρχαι
977 574 1244 660 πεντηκοντάρχαι
1261 569 1422 656 γεγόνασι,

297 685 383 754 cuni
402 681 430 748 οἱ
442 685 534 762 πεζοί
548 681 576 745 oi
587 677 642 745 καί
657 677 769 754 νυκτός
786 674 867 758 μετὰ
879 679 970 753 δέους
977 677 1094 740 πολλοῦ
1106 682 1172 750 τοῖς
1189 674 1341 746 ἐναντίοις
1350 696 1420 753 μα-

323 780 464 870 χόμενοι,
487 776 616 846 imitari
625 779 732 854 αὐτοῖς
749 775 936 853 ἐπετιθεντο,
955 780 1012 840 καί
1024 775 1115 858 ἡλίου
1136 775 1169 848 ἐς
1186 767 1420 856 μεσουράνημα

325 885 501 970 φθάνοντος
520 878 601 961 μετὰ
622 875 766 964 θάρσους
785 872 951 960 λαμπροὺς
972 877 1125 954 ξυιίστοιν
1145 873 1315 952 πολέμους.
1358 864 1450 938 odd

324 1007 386 1058 τας
408 974 466 1046 odo
485 987 550 1054 τοῖς
580 980 639 1059 μὲν
659 979 704 1051 εἰς
727 975 869 1040 coriario>
897 973 1080 1057 προυχώρει
1099 971 1141 1036 τὰ
1163 969 1353 1056 πράγματα,
1374 972 1421 1055 τῇ

323 1084 359 1146 δὲ
375 1081 541 1162 Ῥωμαίων
562 1076 650 1164 α’ρχῇ
670 1070 867 1155 α’ναλάμπειν
899 1072 981 1137 κατὰ
1001 1070 1117 1155 μικρὸν
1135 1069 1191 1135 τὸν
1211 1066 1417 1154 ὖποτυφόμε.

320 1203 375 1245 νον
408 1181 463 1263 τῆς
495 1180 640 1254 ἐξουσιάς
669 1176 832 1258 σπινθῆρα
859 1176 1054 1254 συνέβαινεν.
1106 1170 1145 1234 od
1173 1168 1233 1255 γὰρ
1265 1167 1329 1232 rimi
1357 1171 1418 1250 τῆς

321 1275 493 1363 Βοσπόρου
522 1274 618 1356 μόνον
649 1276 704 1339 καί
720 1276 783 1339 τῶν
808 1276 848 1360 τῇ
868 1271 1006 1359 θαλάττῃ
1028 1271 1265 1356 παρακειμένων
1282 1270 1418 1352 χοιρίων

323 1379 342 1442 ὅ
365 1374 529 1462 Κομνηνὸς
559 1372 676 1451 adroic
709 1370 819 1456 πόρρω
840 1395 902 1434 που
937 1368 1026 1452 μάλα
1049 1366 1229 1454 α’πηλασει,
1257 1365 1339 1431 ἀλλὰ
1360 1365 1467 1433 καίιο

323 1480 386 1544 τῶν
406 1474 480 1559 περὶ
508 1477 670 1540 Βιθυνίαν
699 1475 756 1536 καί
778 1473 900 1537 Θυνίαν
935 1466 1062 1536 ἅπασαν
1080 1474 1138 1534 καί
1155 1471 1217 1534 τῶν
1237 1472 1295 1553 τῆς
1317 1473 1414 1534 Νικο-

290 1576 447 1659 λλμήδους
468 1573 563 1660 ὄριίον
583 1568 751 1650 ἐκδιώξας,
774 1571 815 1635 ut
841 1570 916 1654 περί
933 1569 1061 1655 εἰρηνην
1080 1568 1225 1634 α’νέπεισε
1243 1567 1299 1634 τὸν
1319 1573 1416 1632 σουλ·

320 1673 416 1740 advos
444 1675 533 1754 μα’λα
564 1674 693 1756 θερμῶς
725 1673 928 1750 ἐξαιτεῖσθαι.
983 1669 1027 1745 εἰς
1056 1671 1091 1734 δέ
1117 1668 1174 1753 τὴν
1198 1663 1417 1749 ἀκατάσχετον

321 1774 379 1837 τοῦ
403 1771 598 1854 Ῥομπέρτου
621 1766 726 1854 ὄρμῆν
754 1773 789 1833 ἐκ
808 1773 930 1833 πολλῶν
950 1770 1154 1854 ἐβεβαιοῦτο,
1184 1767 1241 1834 καί
1256 1767 1301 1845 ὥς
1321 1762 1414 1832 ἐπει.

321 1875 491 1954 ροπληθεϊς
512 1867 717 1954 συναγηοχοίς
739 1869 888 1951 δυνάμεις
901 1863 961 1954 ἤδη
974 1868 1055 1954 πρὸς
1073 1867 1128 1954 τὴν
1147 1865 1241 1954 η’ἰόνα
1255 1870 1313 1954 τῆς
1325 1874 1413 1951 Λογ-
1429 1869 1466 1929 ι5

320 1971 490 2054 μιβαρελιάς
520 1970 653 2052 ἐγγιζειν
681 1971 862 2051 ἐπείγεται,
891 1961 1028 2050 ἅσμενος
1044 1966 1098 2034 τὸν
1120 1968 1195 2051 περὶ
1213 1964 1340 2051 εἰρήνης
1362 1969 1415 2032 δέ·

321 2092 413 2151 χεται
433 2068 535 2151 λόγον.
579 2071 610 2134 εἰ
630 2065 690 2152 γὰρ
713 2070 797 2152 μηδὲ
816 2065 868 2132 τὸν
883 2069 1046 2151 Ἡρακλέα
1066 2066 1146 2152 πρὸς
1167 2065 1227 2133 δύο
1247 2067 1416 2149 μάχεσθαι

323 2170 405 2252 ἐνῆν,
429 2163 471 2243 εἰς
491 2165 509 2233 ὁ
529 2161 749 2252 παροιμιώδης
770 2158 939 2232 αἰνίττεται
962 2165 1059 2248 λόγος,
1080 2168 1185 2256 πολλῷ
1203 2171 1326 2248 μᾶλλον
1343 2168 1416 2230 νέον

323 2264 464 2354 ἀρχηγὸν
484 2265 598 2332 νεωστὶ
617 2269 828 2353 διεφθορυιάς
841 2264 1088 2347 ἐπιδραξάμενον
1107 2257 1168 2350 ἤδη
1189 2265 1312 2350 ἀρχῆς,
1332 2261 1415 2328 κατοί

322 2364 436 2451 μικρὸν
473 2371 532 2449 μὲν
565 2365 627 2450 πρὸ
662 2368 780 2430 notiori
810 2363 1004 2451 φθινούσης,
1032 2368 1078 2442 εἰς
1099 2359 1276 2448 τοῦσχατον
1296 2367 1333 2428 ‹li
1352 2357 1466 2447 ἦδηαο

323 2467 528 2548 ἐληλακυίας,
548 2465 592 2549 μη
615 2467 781 2544 δυνάμεις,
808 2460 852 2547 μὴ
871 2463 1024 2548 χρήματα
1044 2466 1252 2548 κεκτημένον·
1295 2467 1414 2548 προπὲ·

322 2583 398 2628 ποτο
418 2561 480 2648 γὰρ
503 2558 631 2628 ἅπαντα
650 2563 684 2626 ἐν
703 2563 819 2646 μηδενὶ
835 2569 982 2653 χρησίμη
1003 2566 1280 2631 καταναλωθέιτα.
1321 2559 1415 2629 ἔνθεν

392 2762 418 2828 4.
436 2759 466 2818 ἐς
482 2775 534 2811 om.
550 2761 585 2814 G.
664 2761 868 2837 μεσουράνημα
885 2765 912 2828 Ρ,
930 2764 1149 2838 μεσουράνισμα
1167 2763 1222 2821 CG.
1303 2762 1328 2814 5.
1345 2777 1411 2818 συν-

393 2833 480 2954 ξρροηη,
497 2831 689 2956 &turiurum
708 2833 764 2886 PG.
852 2853 876 2906 η.
895 2833 945 2893 τὸν
963 2838 1004 2900 G,
1023 2830 1055 2890 τὸ
1072 2837 1098 2890 Ρ.
1211 2837 1367 2890 neom
1381 2834 1410 2886 C·

250 3082 253 3090 ’
325 3069 447 3123 sionibus
466 3069 572 3124 hostem
591 3073 738 3141 lacessere;
756 3090 807 3125 nec
830 3073 860 3124 id
878 3075 992 3144 amplius
1010 3084 1093 3127 noctu
1111 3082 1141 3128 et
1159 3073 1266 3138 furtim,
1286 3072 1336 3126 sed
1352 3074 1411 3142 ipsa

326 3143 379 3195 iem
399 3141 468 3193 luce.
505 3159 536 3194 ec
564 3141 724 3196 decuriones
756 3144 803 3214 qui
829 3144 970 3216 hueusque
995 3155 1088 3211 erant,
1111 3146 1309 3215 quinquaginta
1340 3144 1412 3207 mili-

327 3222 384 3265 tum
415 3212 538 3265 ductores
556 3213 675 3278 fiebant,
701 3222 729 3266 et
756 3215 877 3283 pedites,
910 3218 957 3285 qui
973 3226 1054 3269 noctu
1073 3234 1128 3268 non
1156 3218 1215 3268 aine
1241 3231 1338 3284 magno
1364 3231 1413 3284 pa·

326 3299 391 3334 vore
408 3301 467 3334 curn
494 3282 618 3335 hostibus
641 3294 845 3354 pugnaverant,
865 3303 944 3338 mane
962 3287 1064 3349 adorti,
1090 3287 1139 3338 ubi
1156 3288 1198 3338 sol
1226 3287 1345 3339 medium
1363 3285 1413 3337 ob·

326 3355 412 3407 tinuit
439 3352 557 3417 coelum,
586 3354 693 3407 fortiter
719 3372 780 3406 cum
808 3358 842 3409 iia
867 3360 1050 3428 acerrimeque
1076 3357 1248 3410 dimicabant.
1281 3358 1322 3409 sic
1349 3355 1413 3406 illo-

328 3441 385 3476 rum
406 3441 446 3476 ree
467 3431 538 3476 retro
560 3441 587 3475 se
606 3425 687 3488 tulit,
707 3427 826 3480 Romano
846 3438 935 3480 antem
953 3430 1082 3498 imperio,
1110 3437 1142 3481 ut
1167 3430 1257 3498 sopite
1275 3428 1414 3497 potentine

327 3495 446 3547 scintilla
462 3495 605 3565 paullatim
633 3495 833 3563 exardesceret,
857 3500 980 3567 contigit.
1009 3517 1063 3551 non
1093 3501 1165 3551 enim
1187 3517 1204 3551 a
1229 3499 1349 3568 Bosporo
1370 3513 1415 3548 so·

327 3565 383 3618 lum
406 3575 434 3618 et
447 3566 585 3617 maritimis
605 3567 758 3634 regionibus
777 3571 871 3638 procul
890 3587 937 3621 eoa
954 3569 1060 3639 depulit
1078 3570 1206 3634 Alexius,
1221 3585 1315 3621 serum
1332 3569 1415 3619 etiam

328 3635 454 3704 Bithynia
479 3633 642 3705 'lhyniaque
671 3639 793 3690 universa
820 3649 903 3710 atque
921 3641 1097 3692 Nicomediae
1117 3639 1218 3692 linibus
1235 3657 1295 3691 cum
1313 3639 1414 3690 ‘Purus

329 3707 462 3770 eiecisset,
481 3707 617 3758 sultanum
635 3724 668 3760 eo
686 3707 786 3777 adegit,
804 3719 835 3763 ut
843 3727 935 3780 pacem
953 3712 1085 3763 instanter
1100 3719 1215 3781 peteret
1234 3712 1288 3762 iam
1306 3727 1367 3761 cunr
1380 3707 1415 3759 de

327 3776 564 3829 vehementissimo
576 3777 685 3831 liuberti
706 3780 808 3848 impetu
828 3798 844 3832 a
861 3783 954 3834 multis
972 3783 1072 3834 certior
1088 3782 1174 3834 lactus
1192 3790 1264 3833 esset
1282 3795 1417 3850 eumque,

332 3847 468 3900 immensis
487 3850 571 3918 copiis
589 3851 741 3914 contractis,
759 3851 811 3902 inm
826 3851 855 3903 in
864 3852 1060 3921 Longibardiae
1077 3853 1154 3905 littus
1172 3851 1354 3912 contendere,
1379 3850 1416 3900 li-

331 3915 430 3970 benter
453 3920 526 3988 pacis
554 3919 723 3972 conditiones
750 3923 861 3991 aceepit.
881 3940 944 3975 narn
961 3941 997 3976 ne
1013 3923 1143 3975 Hercules
1160 3923 1270 3993 quidem
1289 3923 1415 3973 adversus

333 3985 412 4050 duos,
431 3991 505 4040 utin
522 3991 664 4060 proverbio
687 4001 741 4054 est,
761 4001 864 4044 certare
890 3996 996 4062 potuit,
1013 3994 1112 4045 nedum
1132 3995 1236 4046 iuvenis
1253 3996 1415 4063 imperator,

334 4057 382 4127 qui
400 4057 445 4109 vix
463 4071 616 4132 susceperat
632 4063 774 4131 imperium
789 4065 827 4114 rei
843 4063 981 4132 publicae,
998 4081 1140 4134 quaecum
1154 4064 1295 4134 paullatim
1308 4062 1414 4133 pridem

334 4127 478 4180 imminuta
497 4141 580 4194 esset,
599 4134 628 4184 in
645 4132 740 4186 ultimo
759 4134 812 4185 iam
830 4135 984 4187 discrimine
1003 4144 1076 4195 erat,
1096 4143 1125 4186 et
1142 4135 1227 4204 copiis
1247 4144 1275 4186 et
1291 4132 1415 4203 pecuniis

335 4197 692 4276 deficientiburzabaumpta
703 4206 774 4258 eninr
788 4204 878 4259 omnia
890 4207 1033 4260 erantsine
1048 4206 1102 4258 ulla
1115 4206 1236 4259 uutute
1249 4206 1369 4276 publica.
1387 4201 1416 4255 id
