3042 4909
251 329 407 393 xxviii»
577 325 772 395 etmovlct
801 324 1003 393 senopem

250 508 362 585 quam
382 482 508 559 Graeci
533 486 688 583 exempli
709 483 1001 581 similitudinem,
1018 508 1067 555 eo
1092 481 1207 556 luerat
1229 494 1336 579 opta·

250 608 334 700 tius,
357 606 460 705 quod
473 584 672 681 Alexander
686 608 977 707 Diesterwegius,
999 605 1196 703 discipulus
1210 630 1333 703 quon-

250 726 333 801 dam
361 756 475 827 meus,
499 755 599 803 suam
625 732 714 803 mihi
733 756 883 830 operam
908 727 955 801 ad
979 753 1112 801 novam
1135 726 1334 826 parandam

250 854 346 925 ultro
371 854 553 950 pollicitus
578 868 663 927 erat
722 854 872 952 lamque
903 852 1041 924 iuvenis
1064 851 1237 951 egregius,
1262 872 1336 948 qua

246 962 328 1049 'erat
350 976 535 1075 diligentia
559 977 745 1074 animique
777 973 975 1067 alacritate,
1000 974 1238 1046 exantlaverat
1268 971 1337 1042 ali-

251 1113 436 1199 quantum
451 1098 607 1195 laboris,
627 1114 737 1197 atque
762 1098 871 1203 etiam
899 1097 1097 1171 nonnullos
1116 1092 1239 1189 locos,=
1252 1118 1337 1167 eor-

250 1224 472 1318 ruptelarum
494 1225 577 1297 labe
599 1223 765 1317 affectos,
790 1220 917 1294 eadem
938 1244 1051 1317 opera
1074 1217 1123 1293 ad
1143 1219 1334 1291 sanitatem

250 1343 450 1445 redegerat,
474 1370 570 1439 cum,
595 1368 693 1439 ecee,
713 1368 814 1417 mors
836 1345 912 1417 eius
924 1344 1129 1436 immatura,
1149 1365 1245 1439 quae
1267 1340 1334 1412 tri-

248 1468 312 1541 stis
345 1482 382 1540 et
410 1469 537 1541 acerba
576 1468 684 1539 nobie
726 1466 879 1563 accidit,
913 1468 1048 1564 incepti
1088 1462 1333 1564 persequendi

249 1612 352 1686 apem
378 1612 525 1661 omnem
548 1589 684 1661 evertit.
743 1590 870 1687 ltaque
903 1590 982 1688 ipse
1016 1588 1064 1661 de
1087 1590 1228 1686 integro
1255 1612 1333 1661 rem

248 1732 453 1807 aggressus,
489 1709 683 1809 legentium
711 1712 856 1785 utilitati
896 1712 1054 1783 maxime
1084 1712 1331 1784 consulturum

245 1854 305 1903 me
329 1832 523 1929 putabam,
551 1833 604 1928 si,
639 1848 816 1931 quantum
848 1859 870 1908 a
892 1836 1095 1907 temeritate
1126 1858 1170 1907 ac
1188 1832 1332 1905 lascivia

247 1951 445 2028 decessoris
464 1957 537 2029 mei
553 1958 727 2052 abessem,
751 1971 894 2034 tautum
911 1958 1159 2031 morositatem
1185 1956 1330 2027 illorum

248 2075 485 2173 interpretum
498 2078 669 2178 lugerem,
695 2082 759 2179 qui
786 2082 932 2181 singulis
944 2079 1224 2154 annumerandis
1247 2073 1330 2151 rer·

248 2201 306 2275 bis
324 2200 442 2275 ‘iidem
475 2216 641 2275 constare
673 2204 880 2300 opinantur.
941 2203 1042 2292 Hane
1066 2198 1330 2299 interpretandi

246 2325 354 2419 viam,
382 2350 478 2423 quae
502 2326 595 2399 inter
618 2324 708 2399 duas
728 2327 884 2399 maxime
898 2324 1055 2399 diversas
1072 2328 1149 2397 sola
1169 2324 1216 2398 ad
1239 2347 1330 2420 pro·

247 2446 409 2519 habilem
427 2448 612 2544 scriptoris
637 2449 831 2545 imaginem
856 2446 989 2521 ducere
1012 2449 1103 2521 mihi
1128 2447 1330 2539 videbatur,

247 2570 371 2662 omni,
395 2594 469 2667 qua
492 2571 618 2667 potui,
642 2572 845 2644 constantia
873 2585 998 2645 tenere
1023 2572 1163 2666 studui,
1187 2596 1230 2645 ac
1260 2571 1330 2642 nisi

245 2693 354 2789 plane
367 2694 520 2787 turpiter
543 2693 583 2765 in
601 2692 809 2768 alterutram
831 2709 974 2793 partem
990 2698 1150 2795 peccavi,
1172 2721 1249 2770 uon
1264 2720 1328 2769 re·

246 2814 402 2889 rendum
429 2815 518 2910 erit,
543 2818 688 2915 opinor,
709 2844 756 2892 ne
784 2823 893 2920 aequi
918 2822 1082 2915 lectores,
1105 2820 1137 2893 oi
1162 2844 1257 2917 quae
1274 2820 1328 2893 le-

247 2940 348 3013 viora
372 2950 488 3013 errata
512 2938 842 3039 deprehenderint,
868 2968 947 3015 non
969 2941 1215 3015 eondonanda
1234 2966 1331 3015 ⁴een-

247 3076 360 3137 seant.
412 3058 579 3139 Cetentm
599 3065 839 3165 Argumenta,
869 3067 1016 3164 singulis
1047 3066 1149 3139 libris
1172 3090 1330 3165 praepo-

246 3188 333 3283 sita,
358 3211 454 3263 nota
478 3202 515 3262 et
537 3191 615 3287 ipsa
639 3203 733 3263 eunt.
791 3190 962 3263 Libenter
984 3202 1331 3285 terremtatem,

250 3311 321 3384 nisi
342 3338 464 3387 rerum
485 3315 531 3387 ab
555 3315 659 3389 Anna
682 3327 905 3389 narratarum
936 3316 1066 3387 seriem
1091 3338 1221 3411 parum
1244 3337 1329 3410 per-

247 3436 372 3533 spicue
398 3435 642 3511 ostenderent.
701 3435 741 3507 lu
766 3435 857 3508 meis
887 3436 1082 3532 praecipua
1103 3448 1245 3507 tantum
1268 3435 1330 3507 hi-

247 3560 380 3633 storiae
405 3561 523 3657 capita
546 3559 766 3655 iudicantur,
789 3584 905 3659 quae,
929 3584 1005 3655 quo
1020 3554 1249 3631 commodius
1269 3581 1330 3629 re·

247 3682 360 3778 periri
392 3695 563 3779 possent,
594 3683 703 3757 etiam
734 3685 775 3755 iu
800 3698 900 3757 textu
924 3680 1061 3755 Graeco
1088 3681 1248 3755 numeris
1270 3679 1331 3754 di-

248 3800 463 3901 stinguenda
487 3806 619 3881 curavi.

347 3926 376 4000 E
400 3928 541 4001 Possini
564 3930 761 4024 Glossario,
786 3927 890 4029 quod
912 3945 997 4027 post
1020 3929 1195 4028 Ducaugii
1220 3925 1331 4002 Com·

249 4050 468 4145 mentarios,
500 4053 624 4127 nobile
655 4051 743 4124 illud
778 4052 993 4127 eruditionis
1024 4067 1332 4146 monumentum,

251 4198 361 4251 nemo
399 4174 500 4251 facile
532 4176 710 4277 integrum
747 4178 934 4279 requirat,
958 4179 1105 4257 resectis
1136 4179 1331 4255 verborum
