3042 4909
293 1006 1303 1231 soAV1o1suouscuus11

463 1288 750 1357 DEDlCATIO
782 1288 845 1351 ET
869 1286 1178 1351 PRAEFATIO.

722 1456 922 1471 m

436 1612 558 1669 vtuts
587 1610 827 1667 sonitibus
852 1609 903 1667 BT
930 1609 1216 1665 tbbusrnluus

363 1770 504 1831 biraco
529 1769 727 1847 Vereuso,
747 1766 947 1833 sacraeCaes.
960 1767 1003 1827 M.
1021 1764 1199 1842 aConsiliis,
1220 1766 1366 1829 lusura

405 1879 555 1940 lscouo
578 1880 814 1954 Rrurouuo,
834 1879 915 1958 Aug.
931 1872 1054 1938 Vindel.
1065 1876 1101 1937 ll.
1124 1875 1196 1936 viris
1207 1874 1364 1935 Praefect.

407 1984 475 2049 Vll.
500 1985 665 2069 virumque
687 1982 839 2069 Collegio,
851 1982 992 2049 Dominis
1014 1978 1050 2045 uc
1071 1982 1213 2045 Patronis
1236 1982 1280 2065 pl.
1306 1982 1368 2043 ob-

403 2093 559 2155 servandis
600 2092 632 2159 S.
650 2092 684 2154 P.
921 2090 925 2096 ’

282 2244 394 2364 Quod
416 2278 613 2340 Democritus
625 2278 791 2343 Abderites
811 2276 983 2361 optandum
1007 2277 1134 2349 censuit,
1157 2296 1211 2338 eae
1234 2285 1269 2339 ut
1289 2277 1370 2337 ima.

283 2381 366 2460 giues
388 2376 546 2439 bominum
579 2378 643 2441 sive
664 2380 761 2442 oculis
794 2379 857 2440 siue
887 2375 996 2437 animis
1018 2376 1270 2453 obuersarentur,
1290 2397 1372 2458 quae

283 2476 408 2540 virtutis
432 2486 463 2540 et
487 2479 642 2540 commodi
658 2479 761 2560 potius
775 2477 913 2554 alicuius,
936 2497 1029 2561 quam
1050 2477 1118 2539 vitii
1133 2485 1227 2559 atque
1248 2476 1371 2537 iucom.

283 2576 370 2637 modi
393 2576 590 2639 administrae
612 2579 681 2658 ipsis
702 2587 821 2639 essent:
843 2578 875 2637 in
891 2598 928 2639 eo
945 2574 1110 2638 ridiculum
1123 2587 1155 2639 et
1175 2576 1373 2658 superstitio.

284 2696 352 2737 sum
377 2676 462 2736 illum
483 2678 581 2753 fuisse,
607 2698 669 2737 uon
685 2678 799 2738 iniuria
819 2677 913 2742 dicas.
937 2674 988 2738 Ad
1010 2677 1091 2738 vitae
1114 2677 1196 2738 enim
1217 2677 1374 2738 rationem

285 2796 504 2859 quamcunque
524 2776 720 2838 laudabiliter
741 2776 928 2854 ineundam,
950 2776 1025 2837 nibil
1045 2777 1133 2839 nobis
1166 2797 1244 2859 opus
1266 2785 1314 2839 est
1333 2775 1375 2859 τῇ

284 2874 353 2937 κατ’
376 2868 506 2937 εἴδωλον
529 2876 687 2960 φαντασίᾳ
702 2878 923 2957 Democritica,
943 2898 1040 2960 quum
1054 2875 1189 2957 exempla
1207 2884 1280 2937 aute
1299 2895 1375 2935 ocu-

284 2973 334 3037 los
354 2974 422 3035 viva
444 2976 585 3059 quotidie
606 2986 790 3055 versentur,
812 2998 848 3039 cx
875 2977 1091 3040 iucundissima
1113 2976 1207 3037 etiam
1227 2973 1375 3042 historia·

287 3096 360 3137 rum
380 3074 514 3138 lectione
544 3098 637 3160 quam
662 3078 796 3158 piurima
826 3080 891 3160 peti
913 3076 1052 3159 possint:
1075 3073 1158 3136 unde
1179 3075 1255 3157 quid
1279 3074 1375 3136 deco-

288 3196 369 3252 rum,
392 3175 468 3259 quid
490 3175 680 3253 indecorum,
703 3176 778 3259 quid
798 3177 913 3239 bouori
936 3188 1029 3259 atque
1052 3175 1278 3250 emolumento,
1300 3172 1378 3258 quid

286 3274 474 3361 ignominiae
496 3298 531 3335 ac
554 3274 741 3337 detrimento
764 3279 914 3350 futurum,
936 3276 1152 3359 perspiciatur.

412 3375 484 3457 φεῦ,
507 3376 578 3455 φεῦ,
599 3374 631 3436 τί
649 3370 759 3435 τούτου
779 3368 891 3454 χάρμα
910 3375 1018 3454 μεῖζον
1047 3369 1085 3437 dv
1105 3370 1233 3457 λάβοιςς

370 3470 449 3549 πρός
485 3466 702 3553 ἐπανόρθωσιν
735 3470 821 3553 ἠθῶν
855 3470 1070 3556 ἑνεργότεροη
1107 3488 1142 3538 ut
1175 3477 1377 3559 pbilosopbus

289 3570 512 3633 Chaeronensis
532 3572 664 3657 pulchre
686 3583 847 3635 asseverat.
891 3577 935 3636 Ne
955 3576 1097 3636 abeamus
1119 3576 1249 3660 lougius,
1270 3578 1320 3639 vel
1344 3578 1375 3638 in

288 3668 335 3751 hl⁵
357 3671 515 3735 Alexiados
540 3674 622 3735 Vlll.
644 3673 740 3751 libris,
756 3672 850 3735 modo
874 3675 905 3733 in
927 3674 1028 3737 lucem
1049 3698 1126 3761 quos
1148 3677 1276 3753 edimus,
1298 3686 1379 3761 quot

291 3781 463 3831 occurrunt
484 3772 618 3851 virtutis,
637 3782 716 3856 quot
736 3771 887 3835 vitiorum
900 3774 1059 3857 exempla!
1101 3778 1164 3837 Hos
1178 3786 1294 3849 autem,
1318 3777 1380 3839 viri

291 3868 483 3947 nobilissimi,
508 3875 542 3941 A.
557 3874 595 3937 V.
618 3895 676 3935 cur
696 3872 846 3952 dedicem,
867 3876 938 3937 satis
959 3897 1068 3938 causae
1093 3879 1141 3938 vel
1160 3876 1222 3939 boc
1242 3898 1305 3938 esse
1325 3874 1386 3937 orl

290 3968 406 4042 bitror,
425 3970 509 4052 quod
529 3974 568 4035 ab
599 3973 685 4035 aunis
714 3972 939 4059 quinquaginta
966 3976 1093 4037 illorum
1127 3976 1222 4037 editio
1256 3974 1381 4037 aliunde

292 4078 451 4149 erpcctata
469 4072 528 4132 suit
548 4074 682 4154 frustra,
715 4073 853 4137 edoctis
876 4096 937 4135 non
965 4077 1057 4138 semel
1077 4076 1231 4157 expetita:
1255 4098 1339 4137 nunc
1362 4098 1380 4137 e

291 4178 391 4232 vestra
415 4170 606 4235 Bibliotheca
638 4175 721 4243 eruti
750 4176 812 4254 illi,
833 4175 909 4239 iuris
941 4175 1057 4259 publici
1076 4176 1166 4238 liunt.
1209 4176 1380 4259 inquibus
