3042 4909
455 297 667 361 Amittms
698 301 773 361 ΗΒ.
801 302 841 361 11.
872 300 901 361 5.
1135 302 1209 357 ΙΟΙ

136 439 180 523 εἷς
199 449 236 513 δέ
254 470 304 523 τις
322 446 386 512 nto
408 443 469 509 σύν
492 445 604 521 αὐτοῖς
629 450 819 528 “γυναι“κές”
841 471 937 534 φησιν
959 448 1021 526 “ii
1043 451 1249 517 ιένατολοῖν.ὓ

136 551 173 613 τὰ
192 550 229 613 δέ
247 546 324 631 πρὸς
349 547 463 629 χρείαν
493 541 619 609 ἅπαντα
648 546 885 629 δαπανήσασαι,
916 546 1140 612 ἐπισπεύδουσι
1159 546 1218 631 την

135 643 357 729 προσκύνησιν,
381 641 489 707 οἴκαδε
508 646 678 709 ἐθέλουσαι
697 646 908 710 ἐπανελθεῖν.”
933 642 949 711 o‘
972 649 999 711 δ’
1020 644 1121 722 εὐθύς
1141 640 1220 709 ἀπο-

135 743 280 831 ζυγιύσας
306 742 364 818 τοὶς
391 739 496 823 θύρας
525 752 719 829 παραχωρεῖ
735 744 847 819 αύταΐς
872 746 926 829 τῆς
942 742 1077 815 εἰσόδου.
1130 746 1220 833 τῇδ’

107 843 289 929 5ἐπαύριον
318 842 525 927 ἐκκλησιάσας
554 840 793 929 ύαύτοκροὶτωρ
816 842 871 929 τὴν
898 842 1091 929 σύγκλητον,
1110 842 1220 927 ἐπειδὴ

133 944 175 1010 τὰ
194 942 274 1009 κατὰ
303 942 380 1020 τούς
406 935 523 1027 ἄνδρας
554 944 770 1026 ἐμεμαθήκει,
798 941 838 1008 τὰ
869 940 975 1016 εἰκότα
995 942 1075 1026 πρὸς
1093 943 1222 1018 τούτους
1251 954 1255 961 ’

134 1038 387 1129 ἐδημηγόρησεν,
413 1041 616 1126 καταδρομὴν
639 1045 696 1107 τού
725 1044 908 1123 δομεστιίου
935 1041 1132 1122 ποιούμενος.
1171 1043 1223 1107 ἐκ-

134 1144 254 1223 πέμπει
287 1144 323 1205 δὲ
354 1141 523 1223 τηνικαῦτα
551 1140 631 1222 πρὸς
650 1140 709 1216 τὰς
737 1150 889 1224 γυναῖκας
906 1137 960 1205 τόν
976 1164 1010 1204 τε
1031 1140 1223 1221 καλούμενον

135 1239 413 1325 Στραβοροσμανύν
437 1242 495 1302 καί
512 1263 581 1302 τινα
603 1238 822 1327 ΙΕιῖφημιανόν
851 1236 910 1323 τὴν
941 1243 1066 1321 κλῆσιν,
1093 1262 1224 1320 μετακα·

92 1340 289 1419 ιολούμενος
316 1336 418 1413 αύτύς
444 1338 490 1411 εἰς
519 1336 560 1402 τὰ
594 1336 751 1419 βασίλεια.
807 1339 828 1423 ἦ
861 1342 896 1403 δὲ
917 1336 1109 1423 Δαλασσηνὴ
1145 1338 1225 1421 πρὸς

136 1435 256 1513 αύτούς
277 1436 438 1502 “cinare’'
460 1460 542 1521 φησι
562 1435 669 1519 “προ“ς
690 1436 745 1501 τὸν
768 1434 992 1523 αὐτοκράτορα·
1014 1434 1043 1502 οῖ
1066 1439 1176 1512 παῖδες
1195 1437 1226 1503 οῖ
1321 1476 1326 1485 ·

135 1539 211 1619 ἐμοὶ
231 1537 342 1601 δοῦλοί
357 1539 419 1601 εἰσι
453 1540 560 1601 πιστοί
590 1539 648 1618 τῆς
672 1542 731 1620 σῆς
767 1541 948 1619 βασιλείας,
977 1540 1033 1601 καί
1052 1536 1226 1621 προθύμως

135 1637 399 1721 ἐξοπηρετοῦντες
433 1634 513 1722 αὐτῇ
533 1636 568 1699 ἐν
594 1637 702 1715 πᾶσιν,
728 1638 786 1698 οὐκ
815 1633 981 1721 ἐφείσαντο
1011 1628 1081 1700 οὔτε
1110 1637 1303 1718 ψυχῶνρ,53

135 1732 213 1803 orins
233 1732 403 1818 σαμύταν,
424 1732 479 1799 ατί
498 1732 790 1820 προκινδυνεύοντες
819 1734 967 1817 ἐκθύμως
987 1734 1067 1818 ύπέρ
1089 1738 1145 1799 rori
1167 1736 1227 1798 σοῦ

92 1834 283 1919 ιόκρύτους.
326 1830 344 1897 ύ
365 1836 401 1899 δέ
422 1840 488 1899 κατ’
512 1835 618 1898 αύτῶν
634 1831 750 1919 φθόνος
771 1832 815 1919 μη
840 1837 947 1919 φέρων
965 1832 1021 1917 την
1042 1836 1087 1909 εἰς
1107 1832 1226 1908 αύτούς

135 1930 265 2002 εύνσιύν
274 1958 309 1999 τε
330 1938 385 1997 καί
395 1933 584 2017 κηδεμονίαν
598 1937 653 2016 τῆς
668 1940 726 2015 ση”ς
741 1932 914 2015 βασιλείας,
934 1936 1035 2016 μέγαν
1053 1932 1108 1997 τὸν
1121 1934 1227 1997 κίνδυ-

136 2060 193 2102 νον
213 2038 281 2100 κατ’
301 2036 409 2098 αύταῖν
427 2035 500 2097 καθ’
527 2026 613 2115 ούραν
633 2029 801 2113 ἐξήρτυτο·
826 2032 868 2110 οἷς
890 2034 925 2097 δὲ
943 2031 998 2097 καί
1015 2030 1087 2108 τούς
1101 2031 1227 2117 ὀφθαλ-

135 2134 216 2217 μούς
243 2135 348 2199 αύτῶν
366 2129 542 2215 ἐξορύττειν
561 2132 772 2213 ἐμελέτησαν,
795 2136 886 2197 τοῦτο
907 2128 1090 2211 αἰσθόμενοι
1113 2133 1167 2195 καί
1182 2134 1226 2214 μὴ

138 2239 288 2319 φέροντες
299 2230 353 2298 τὸν
364 2234 505 2295 τοιοῦτον
517 2226 628 2293 ἄδικον
642 2229 797 2307 κίνδυνον,
810 2230 871 2313 ούχ
886 2228 929 2305 uic
943 2228 1121 2295 α’ποστύται
1138 2232 1228 2312 ἐξῆλ-

88 2356 130 2398 so
141 2338 200 2399 θον
213 2336 271 2417 τῆς
288 2331 417 2409 πόλεως,
442 2328 512 2393 ἀλλ’
531 2328 574 2407 ούς
589 2329 697 2394 δοῦλοι
711 2331 826 2409 πιστοί,
847 2322 914 2411 ἅμα
934 2332 992 2410 μὲν
1011 2326 1067 2393 τόν
1080 2324 1228 2410 ύπόηυιον

136 2427 422 2515 α’πσδιδρύσκοντες
439 2433 598 2508 κίνδυνον,
626 2425 696 2509 ἅμα
718 2429 754 2491 δέ
770 2426 810 2492 τα
824 2434 891 2493 κατ’
906 2428 1012 2493 αύτιύν
1025 2426 1227 2509 μελετώμενα

135 2530 173 2595 τύ
198 2530 311 2615 κράτος
334 2553 393 2596 σου
414 2526 656 2606 ἀναδιδάξονιες
675 2524 730 2592 καί
748 2524 806 2609 τήν
826 2522 889 2592 ἀπὸ
909 2526 965 2610 τῆς
985 2528 1042 2608 σῆς
1063 2527 1226 2607 βασιλείας

206 2732 231 2767 ο.
250 2713 281 2770 tt
299 2732 353 2768 ons.
374 2719 403 2766 Α.
505 2718 529 2766 3.
549 2716 715 2770 ἐπανελθεῖν
733 2718 865 2769 θέλουσαι
884 2720 913 2767 Α.
1016 2720 1040 2787 4.
1061 2716 1175 2777 ταύταις
1193 2720 1222 2768 Α.

207 2785 239 2840 tt
254 2788 286 2838 λ.
353 2786 376 2839 6
421 2786 553 2856 εμοθηκει
569 2788 600 2837 A„
671 2802 694 2853 7.
712 2790 817 2855 πέμπει
834 2786 865 2840 tt
881 2778 953 2857 πρὸς
970 2788 998 2837 λ.
1074 2804 1112 2853 ¹9·
1131 2786 1224 2843 κίνδυ·

204 2874 259 2913 κον
277 2854 378 2911 sibeos
407 2874 458 2911 νεα
475 2857 505 2907 Α.
575 2859 618 2907 so.
637 2854 685 2921 τῆς
700 2854 806 2915 πόλεως
823 2855 875 2925 οὐχ
888 2856 926 2917 ὥς
944 2856 1044 2911 ἀποστ.
1064 2858 1176 2924 ἐξῆλθον
1194 2864 1222 2909 Α.

206 2942 250 2979 τι.
268 2926 328 2999 ἅμα
349 2928 379 2981 et
398 2932 446 2981 sat
475 2918 510 2978 τίι
529 2924 559 2975 Α.
652 2940 694 2975 os.
712 2924 930 2991 ἐναδιδύξανεες
950 2926 1007 2991 Pt,
1029 2929 1143 2983 alterurn
1169 2930 1222 2981 CG.

205 3003 256 3053 sas
272 2988 323 3052 τύν
343 3026 378 3039 -
401 2997 612 3069 ἐξαιτησάμενοι
632 2998 710 3051 ἔλεον
724 2997 754 3048 Δ.

41 3202 47 3211 ·
157 3202 218 3248 one,
236 3192 377 3237 consumto
391 3185 498 3248 viotico,
515 3185 674 3238 adoratione
692 3184 803 3253 defungi
821 3186 942 3254 cupiunt,
961 3191 993 3236 ut
1012 3184 1224 3253 quamprimum

134 3205 249 3309 :ionium
271 3257 421 3323 repetant.”
445 3255 542 3327 quibus
564 3256 612 3307 ilie
637 3256 751 3319 auditis,
780 3258 850 3307 iores
883 3256 990 3324 operuit
1017 3254 1224 3325 intromisitque.

134 3325 270 3397 postridie
286 3335 433 3379 convocato
449 3328 597 3395 imperator
614 3334 719 3388 senatu,
734 3334 876 3397 postquam
890 3325 1000 3377 illorum
1019 3325 1107 3391 sugam
1126 3342 1226 3393 cogno-

135 3398 190 3459 vit,
212 3396 346 3465 graviter,
374 3401 405 3448 nt
424 3413 465 3449 res
485 3396 655 3467 postulabat,
682 3397 808 3447 adversus
837 3414 882 3449 eos
905 3396 975 3447 dixit
996 3396 1080 3464 inque
1096 3395 1227 3447 domesti-

135 3485 197 3519 cum
217 3467 333 3519 maximo
361 3468 481 3519 invectus
509 3476 557 3519 est.
581 3476 638 3519 tum
665 3466 700 3518 οδ
722 3477 855 3519 matronas
880 3469 952 3519 misit
979 3466 1124 3537 quosdam,
1154 3468 1228 3517 Stra·

135 3538 316 3589 boromnnurn
340 3546 369 3589 et
385 3537 599 3606 Errphernionum
624 3537 748 3601 nornine,
779 3538 825 3607 qui
852 3540 942 3591 essin
962 3538 1091 3605 palatium
1108 3536 1228 3587 adduce-

136 3618 208 3660 rent.
227 3608 326 3675 quibus
344 3608 492 3659 Doinssena
517 3610 713 3670 “r-enuntiate,
740 3609 848 3677 inquit,
872 3607 1043 3679 imperatori,
1067 3607 1137 3659 filios
1153 3624 1226 3658 meos

137 3680 198 3730 eius
225 3678 361 3731 maiestati
387 3678 623 3730 obedienttrstmor
651 3695 724 3742 esse,
752 3688 781 3730 et
809 3679 914 3731 lubenti
939 3680 967 3728 in
994 3676 1119 3728 omnibus
1138 3680 1227 3729 animo

138 3750 334 3813 inservientes,
351 3765 402 3800 nec
417 3750 498 3806 vitoe,
517 3766 567 3799 nec
584 3749 740 3817 corporibus
758 3766 877 3818 unquam
895 3749 1056 3817 pepercisse,
1077 3748 1159 3799 nuliis
1178 3766 1227 3817 pro

139 3836 172 3871 en
189 3818 319 3888 periculis
338 3836 395 3869 non
415 3819 597 3887 promtissime
622 3819 762 3889 srrsceptis.
785 3828 814 3871 at
833 3818 949 3881 invidis,
968 3826 1043 3869 tuom
1063 3819 1091 3869 in
1110 3836 1156 3869 eos
1178 3818 1228 3869 be-

138 3890 324 3943 nevolentiam
342 3890 514 3958 favoremque
533 3906 588 3939 non
605 3890 706 3953 ferens,
725 3890 891 3941 occasionem
910 3906 955 3940 sos
974 3888 1002 3938 in
1022 3888 1167 3940 discrimen
1178 3890 1228 3941 ad-

139 3959 260 4017 ducendi
286 3970 393 4029 captare
420 3977 476 4011 non
501 3958 597 4021 desiit,
625 3969 708 4030 atque
732 3960 801 4012 odeo
830 3960 891 4011 luce
909 3960 1013 4029 privare
1032 3960 1104 4028 ipsos
1124 3963 1227 4015 statuit.

140 4030 217 4099 quod
243 4048 303 4084 oum
331 4032 535 4099 cognovissent,
561 4046 613 4080 nro
649 4040 755 4083 tontum
785 4031 900 4099 periculi
932 4030 1063 4081 immerito
1097 4030 1150 4082 sibi
1179 4049 1228 4099 pn.

139 4101 191 4151 rari
217 4099 336 4165 ferrent,
355 4102 421 4152 urhe
451 4100 644 4170 profugerunt,
664 4120 719 4153 non
738 4110 768 4152 nt
787 4100 933 4159 defecturi,
953 4099 999 4150 sod
1019 4110 1046 4150 ιιι
1065 4102 1134 4152 servi
1160 4101 1228 4151 {irie-

139 4172 193 4235 Ιοε,
220 4173 267 4243 qni
297 4181 325 4225 et
352 4172 492 4227 imminens
519 4171 617 4225 molunt
647 4172 792 4242 effugiant,
821 4181 848 4224 et
874 4170 989 4224 consilis
1013 4173 1124 4225 istoruru
1144 4176 1228 4225 maio·
