3042 4909
273 266 353 367 ul
601 290 740 407 suala
775 288 997 355 costumia

266 450 331 517 τοῖς
350 442 532 522 θεωμένοις,
552 440 584 505 εί
602 442 638 507 δέ
657 443 712 507 ἐπί
727 443 785 505 τοῦ
799 440 961 523 βασιλείου
982 440 1142 503 καθίσειεν
1161 427 1250 512 οὗτος
1271 435 1361 520 θρδ-.

268 564 325 604 νου
358 540 414 603 καί
441 536 605 621 γοργωπόν
633 541 728 615 σέλας
759 536 880 625 α’φησει
908 536 970 603 τᾶν
984 534 1187 623 ’δφθαλμοέη
1207 533 1351 619 πρηστηρ

238 639 368 707 Βέδόκει
390 639 446 703 καί
466 630 593 719 ἄμαχον
615 633 718 722 αόγὴκ
736 638 940 701 ἀποστέλλειν
959 636 1088 699 καὶτοῦ
1107 633 1277 718 προσάπου
1297 637 1356 699 καί

267 742 322 822 τῆς
343 734 415 822 ὅλης
428 733 675 818 διοργανιόσεως.
715 740 852 818 μέλοιινα
870 737 928 817 μὲν
948 732 1008 819 γάρ
1028 728 1047 817 ἦ
1070 732 1174 819 δφρῦς
1195 727 1353 813 ἑκατέρω-

268 843 326 902 θεν
349 835 545 919 ἐκαρποῦτο·
600 840 639 923 τῇ
663 837 700 899 δέ
719 833 889 920 ὀφθαλμός
911 830 1089 917 έπεκάθητο
1108 829 1265 913 βλοσυρόν
1283 825 1382 911 tuas

269 935 325 1001 καί
342 930 461 1020 ἥμερον
482 934 611 1018 ἐνορῶν,
633 934 676 1008 σός
697 932 759 997 άπό
770 956 804 999 τε
823 936 879 1015 τῆς
898 934 1024 1014 βολίδας
1043 934 1107 997 τοῖν
1127 924 1278 1013 ὀμμάτων
1297 930 1355 995 καί

268 1040 326 1119 τῆς
344 1029 562 1117 στιλπνότητος
592 1036 647 1097 τοῦ
669 1028 818 1113 μετιόντου
840 1030 895 1095 καί
924 1033 989 1096 ταῖν
1010 1032 1150 1115 παρειάν
1168 1032 1225 1112 τῆς
1241 1026 1354 1111 σεμνό-

269 1141 363 1218 τητος
381 1134 438 1198 καί
463 1134 521 1197 τοῦ
547 1135 762 1215 ἐπιτρέχοντας
788 1133 902 1207 adroic
933 1128 1104 1215 έρεάθους,
1126 1124 1207 1211 όμσῦ
1226 1131 1281 1193 καί
1302 1129 1356 1193 δε-

271 1236 408 1299 δοικέναι
428 1254 464 1297 τε
491 1231 545 1295 καί
574 1236 717 1314 θαρρεῖν.
771 1232 835 1295 τοῖν
852 1252 887 1295 τε
908 1222 1004 1311 δόμων
1026 1228 1044 1313 ἢ
1064 1222 1197 1311 ου’ρότης
1216 1230 1274 1292 καί
1290 1231 1356 1293 τοόν

272 1328 451 1416 βραχιόνων
481 1327 516 1393 τό
538 1329 670 1412 στερρόν
695 1330 751 1392 καί
776 1332 840 1393 τοῖν
861 1331 1000 1413 στέρνων
1029 1328 1048 1412 ἡ
1074 1326 1211 1412 προβολὴ
1233 1323 1352 1412 ἧρωϊκά
1366 1348 1403 1393 ιο

273 1434 378 1497 πάντα
397 1432 453 1496 καί
478 1426 560 1503 όλως
581 1430 626 1502 είς
653 1426 779 1509 θάμβος
799 1429 855 1492 καί
882 1431 996 1510 τέρψιν
1015 1422 1088 1502 τοός
1107 1424 1242 1501 πολλοὺς
1263 1430 1355 1491 ἐκκα-

246 1529 422 1611 ῦλοόμενα.
462 1513 504 1592 τό
519 1524 577 1610 γάρ
602 1525 681 1590 odai
703 1527 764 1589 τοῦ
784 1522 899 1611 α’νδρός
919 1526 973 1591 καί
993 1521 1079 1609 κόρυν
1100 1520 1168 1607 εἶχε
1186 1528 1242 1590 καί
1258 1524 1356 1607 χάριν

273 1632 328 1695 καί
343 1627 441 1713 βάρος
460 1630 516 1691 καί
535 1617 624 1708 όγκον
644 1618 827 1709 ἀπρόσιτον.
868 1626 953 1691 εἰδὲ
973 1626 1029 1691 καί
1049 1626 1095 1700 είς
1114 1620 1242 1707 ὁμιλίαν
1258 1616 1357 1707 η’λθεν

273 1732 387 1803 ἐκεῖνος
417 1727 473 1790 καί
503 1722 560 1807 την
579 1725 719 1806 γλῶτταν
740 1724 899 1808 ἐκίνησεν,
929 1718 1011 1799 εἶδες
1029 1718 1070 1789 άν
1088 1721 1279 1808 αὐτόχρημα
1298 1720 1357 1807 τὴν

272 1830 448 1911 πυρίπνουν
467 1824 779 1907 ἐπικαθημένηντοῑς
797 1821 935 1905 χειλεσιν
959 1824 1079 1887 ἐκείνου
1102 1820 1271 1909 ῥητορικήν
1291 1824 1356 1904 Δη·
1368 1825 1408 1889 15

272 1928 459 2007 μοσθένσυς.
498 1926 554 1988 καί
571 1919 633 2005 γάρ
656 1924 867 2010 κατακλυσμῷ
886 1924 949 1987 ταῖν
974 1921 1228 2008 ἐπιχειρημάτων
1254 1922 1359 1986 πᾶσαν

274 2023 329 2089 καί
339 2022 436 2107 άκοὴν
449 2021 504 2087 καί
522 2018 633 2104 ψυχὴν
644 2014 844 2103 κατεοόρετο,
864 2018 920 2085 καί
931 2017 1096 2105 άμάθητος
1113 2015 1151 2107 ἦν
1164 2024 1218 2086 καί
1232 2012 1359 2103 άμαχος

274 2127 329 2186 καί
346 2121 404 2206 τὴν
435 2123 572 2207 γλῶτταν
588 2119 670 2200 ὁμοῦ
688 2119 745 2183 καί
762 2117 819 2203 την
837 2128 948 2204 χεῖρα,
973 2117 1030 2205 τὴν
1049 2124 1108 2203 μὲν
1128 2117 1207 2206 πρός
1226 2119 1360 2206 δόρατος

275 2216 410 2306 άφεσιν,
444 2216 502 2304 τη“ν
523 2220 559 2283 δέ
585 2214 664 2299 πρός
682 2216 826 2302 άκήρατα
855 2220 1022 2303 θέλγητρα.
1079 2218 1101 2303 ἧ
1123 2221 1158 2285 δέ
1179 2242 1215 2302 γε
1234 2216 1360 2301 βασιλὶς

231 2318 395 2406 ξλλΕἰρηνη
416 2317 471 2385 καί
489 2314 596 2403 μήτηρ
617 2313 678 2400 έμὴ
699 2316 813 2399 μεῖράξ
834 2338 869 2379 τε
885 2309 924 2399 ἦν
944 2316 978 2382 τό
1001 2317 1145 2402 τηνικάδε
1162 2320 1217 2383 καί
1236 2312 1406 2383 oteramo

274 2416 328 2486 τόν
353 2420 627 2484 πεντεκαιδέκατον
661 2413 943 2498 παραδεδραμὴκει
973 2414 1103 2499 χρόνον.
1158 2414 1302 2502 θυγάτηρ
1324 2419 1360 2483 δὲ

274 2512 313 2604 ἦν
336 2514 535 2603 Ἀνδρονίκου
557 2517 614 2581 κου’
631 2510 828 2597 πρωτοτόκου
856 2510 930 2578 υἱοῦ
951 2516 1008 2579 aod
1026 2517 1197 2604 καίσαρος,
1219 2513 1253 2582 τό
1274 2518 1361 2601 γένος

344 2694 465 2762 δίοδόν
483 2693 514 2744 Ρ·
583 2706 609 2758 7·
627 2686 677 2743 τοῦ
693 2688 850 2759 προσώπου
868 2689 923 2757 PG,
940 2690 990 2747 τοῦ
1009 2693 1140 2764 μετώπου
1159 2693 1179 2746 C
1198 2702 1226 2747 st
1242 2696 1271 2746 in
1288 2712 1360 2747 mar-

348 2767 410 2832 gine
430 2765 458 2814 P.
526 2778 598 2831 qne
617 2768 680 2812 ante
700 2765 749 2812 καὶ
767 2777 818 2811 om.
835 2762 867 2811 G.
953 2765 1131 2823 rr..rlradd.
1150 2765 1183 2815 G.
1258 2770 1294 2819 ¹3.
1312 2770 1360 2821 χαλ

344 2835 461 2903 primum
481 2848 523 2881 ⁰11¹
553 2832 579 2881 P·
668 2832 706 2895 ad·
725 2834 752 2883 εί
772 2830 802 2885 δέ
820 2828 857 2886 δν
875 2830 907 2884 G.
1000 2838 1038 2887 16.
1056 2840 1104 2888 καὶ
1126 2834 1184 2889 τιόν
1200 2824 1257 2906 γάρ
1274 2856 1359 2891 κατα.

345 2903 461 2985 κλυσμῴ
477 2902 510 2963 P,
527 2904 576 2955 καλ
594 2900 652 2957 τῶν
669 2895 727 2972 γάρ
745 2918 797 2953 om.
817 2903 847 2967 C,
866 2902 922 2957 suiv
940 2897 995 2973 γάρ
1009 2921 1064 2955 om.
1085 2906 1117 2968 G,
1134 2908 1248 2961 correxi.
1321 2913 1361 2965 ιλ,

344 2994 396 3041 την
413 2976 527 3045 primum
545 2980 575 3025 et
589 2973 707 3024 alterum
725 2990 777 3023 om.
798 2972 829 3024 G.
913 2990 952 3043 sq
970 2972 1111 3045 άκόρατον
1129 2978 1283 3049 θέλγητρον
1299 2978 1334 3034 G.

277 3122 396 3194 pedibus
413 3121 539 3174 insistens
556 3135 613 3170 non
625 3124 728 3170 tantam
747 3116 856 3188 quidem
875 3116 1082 3172 admirationem
1099 3120 1269 3175 intuentibus
1288 3122 1361 3175 exci-

277 3196 368 3258 tabat3
387 3191 435 3244 sed
447 3208 508 3243 cum
520 3192 549 3240 in
561 3190 633 3256 regio
647 3189 755 3240 rederet
765 3188 866 3239 throno
887 3197 915 3241 et
923 3189 1071 3243 terribilem
1080 3190 1218 3243 oculorum
1232 3193 1361 3262 splendo-

278 3283 334 3317 rem
351 3265 481 3324 mitteret,
494 3260 595 3311 fulmen
612 3257 755 3310 videbatur
770 3257 988 3329 adstantiumque
1004 3262 1088 3312 aciem
1107 3263 1321 3331 praestringebat
1334 3272 1362 3317 et

277 3338 355 3387 vultu
366 3343 394 3386 et
402 3342 459 3385 tota
470 3331 589 3399 corporis
603 3329 825 3385 conformatione.
839 3330 942 3397 nigrum
956 3330 1028 3383 enim
1039 3333 1175 3402 utrimque
1188 3336 1361 3402 supercilium

278 3404 452 3471 curvabatur3
469 3402 563 3453 oculus
578 3398 702 3461 suberat,
715 3400 868 3451 truculente
887 3400 965 3451 simul
983 3409 1011 3452 et
1028 3400 1128 3453 blande
1146 3402 1314 3473 adspiciens,
1331 3414 1363 3457 nt

279 3493 313 3528 ex
329 3476 443 3537 obtutu,
461 3490 494 3524 ex
513 3470 619 3540 placida
648 3468 751 3533 fronte,
776 3486 809 3520 ex
835 3487 961 3537 genarum
983 3470 1115 3540 dignitate
1133 3483 1162 3526 et
1182 3476 1229 3544 qui
1247 3479 1362 3527 aisllusus

278 3554 338 3598 erat
355 3546 470 3607 rubore,
494 3542 575 3593 simul
598 3548 702 3591 metum
728 3548 812 3609 atque
831 3540 949 3593 animum
970 3550 1103 3611 caperent
1129 3543 1301 3597 humerorum
1321 3546 1363 3597 la-

278 3617 383 3679 titudo,
400 3617 562 3667 lacertorum
581 3610 672 3672 robur,
690 3612 872 3679 prominentia
889 3614 1018 3681 pectoris,
1035 3611 1144 3665 heroica
1159 3616 1248 3667 omnia
1266 3624 1295 3669 et
1313 3616 1362 3667 ad-

278 3688 449 3739 mirationem
464 3684 547 3735 simul
568 3689 597 3733 et
622 3681 791 3747 voluptatem
808 3682 978 3734 multitudini
1004 3683 1158 3738 afferebant.
1179 3686 1273 3738 eadem
1292 3688 1363 3738 enim

279 3758 309 3808 in
327 3757 376 3807 illo
393 3758 451 3808 viro
473 3764 502 3807 et
523 3754 609 3805 forma
626 3753 765 3821 gratiaque
789 3750 958 3806 excellebant
980 3762 1008 3807 et
1032 3755 1152 3824 pondere
1177 3759 1363 3827 gravitateque

280 3830 424 3879 inaccessa.
450 3843 510 3877 cum
527 3841 591 3875 vcro
620 3824 649 3874 in
670 3838 821 3873 termonem
847 3838 875 3874 ιε
896 3822 973 3875 daret
997 3841 1026 3877 or
1048 3842 1080 3876 ιιε
1106 3828 1239 3894 aperiret,
1256 3826 1362 3881 videres

281 3914 346 3949 sane
358 3896 440 3948 labris
456 3896 513 3947 eiua
526 3892 644 3947 insidere
657 3892 797 3943 ardentem
811 3893 1000 3947 Demosthenis
1013 3896 1021 3945 i
1046 3897 1086 3947 fur
1098 3896 1289 3967 eloquentiam.
1300 3914 1362 3949 nam

282 3974 497 4036 argumentorum
519 3964 643 4017 ubertate
659 3963 781 4015 omnium
801 3980 879 4015 aures
895 3966 999 4017 animoa
1020 3982 1054 4018 ue
1075 3983 1167 4019 secum
1187 3967 1316 4037 rapiebat,
1335 3976 1363 4021 et

282 4040 358 4092 iuxta
369 4038 484 4088 inuictus
503 4044 561 4087 erat
580 4036 672 4103 lingua
688 4048 736 4086 seu
755 4050 851 4098 manu,
880 4034 965 4087 altera
981 3983 1018 4087 τά
1028 4036 1215 4103 iaculandnm,
1232 4039 1362 4092 schemam

282 4108 481 4163 oblectationes
492 4105 626 4175 parandas
637 4104 831 4173 integerrimas.
852 4112 881 4156 at
897 4105 1052 4176 imperatrix
1062 4110 1155 4170 Irene,
1178 4118 1264 4161 mater
1283 4126 1361 4175 mea,

283 4176 484 4251 adolescentula
501 4184 560 4229 tum
582 4185 640 4229 erat
660 4183 689 4230 et
707 4193 807 4229 annum
818 4176 942 4247 quintum
962 4176 1095 4231 decimum
1106 4179 1226 4233 noudum
1241 4196 1363 4239 excesse-
