3042 4909
399 372 613 438 utexutnts
642 377 717 437 uus.
746 377 811 437 vu·
833 372 879 433 ιι.
1097 344 1177 429 311

92 520 308 605 περαιούμενος,
330 520 474 609 ἔφθασεν
495 524 676 609 σ’παρτίσας
696 521 732 587 τύ
755 520 923 609 φρούριον.
966 524 1018 587 καλ
1039 526 1186 607 τηνικού-

93 648 134 687 το
153 623 211 688 τού
231 619 414 704 σύμπαντος
431 628 626 700 τελεσθέντος
648 621 760 709 ἔργον,
782 620 837 690 τόν
858 616 963 708 ἄνδρα
982 623 1040 706 τῆς
1059 627 1213 705 βασιλέα

92 724 147 801 dog
169 724 307 787 α’πέλυσε
326 720 457 799 πόλεως.

180 846 229 888 ιι.
268 822 304 888 Ὁ
323 825 359 887 δὲ
371 820 528 906 Προσούχ
541 821 644 898 δεινὸς
664 823 745 901 μετὰ
768 823 944 903 δυνάμεως,
962 818 1007 897 ούς
1027 818 1186 905 inustor,

66 923 303 1004 5καταλοβούν,
323 919 497 1005 ἐπολιόρκει
516 920 573 1006 τὴν
595 926 744 1003 Νίκαιαν,
766 921 908 997 καθώςύ
927 924 972 1010 τῷ
984 924 1119 1011 Τατικέηι
1132 946 1189 985 νυ·

39 1016 42 1027 ’
92 1021 166 1098 κτὸς
177 1018 423 1107 προσεληλυθώς
444 1018 518 1087 τότε
540 1019 638 1104 ἔλεγε.
660 1021 716 1086 καί
737 1020 792 1087 ε’πέ
807 1020 889 1106 μησὶ
908 1022 997 1105 τρισὶ
1014 1022 1189 1103 πολιορκῶν

92 1120 214 1205 ταύτην
233 1122 291 1185 ούκ
311 1120 464 1185 ε’ύεδέέου.
507 1124 541 1187 έν
561 1122 659 1208 στενῷ
678 1122 714 1185 δέ
730 1123 847 1205 κομιδῆ
866 1120 906 1186 τὰ
930 1127 997 1186 κατ’
1018 1116 1137 1196 αύτούς
1156 1117 1188 1185 οἱ

92 1220 182 1296 έπός
211 1223 266 1285 καί
295 1217 392 1295 σύτύς
425 1223 461 1287 δέ
489 1220 507 1285 o‘
536 1218 749 1305 Ἀπελχασημ
779 1218 955 1304 ἑωρακότες
975 1217 1031 1284 καὶ
1048 1217 1093 1304 μη
1116 1220 1187 1283 ε’πι·

92 1322 189 1387 πλέον
213 1320 356 1403 ἀντέχειν
380 1317 461 1402 πρὸς
489 1318 545 1385 τὸν
565 1318 723 1405 Προσούχ
755 1318 939 1401 δυνάμενοι,
961 1318 1188 1402 διαπεμψάμε-

50 1442 152 1503 ιομοι
171 1417 250 1503 πρὸς
270 1417 324 1484 τὸν
343 1422 479 1501 βασιλέα
500 1422 635 1506 ᾐτοῦντο
655 1424 710 1505 τῆς
726 1422 760 1497 έξ
776 1419 880 1483 ositeri
898 1422 1050 1503 βοηθείας
1069 1426 1186 1501 τυχεῖν,

94 1527 233 1603 κρεῖττον
253 1520 394 1601 λέγοντες
414 1518 562 1602 ἡγεῖσθαι
585 1515 716 1596 δούλους
742 1519 846 1585 adseri
867 1515 1080 1599 impeterem
1101 1512 1123 1603 ἢ
1142 1520 1187 1605 τῷ

95 1616 253 1703 Προσσύχ
273 1618 386 1681 ύούναι
410 1627 530 1702 χεῖρας.
580 1613 597 1681 ὅ
620 1620 655 1683 δέ
683 1620 881 1703 παραχρῆμα
904 1615 981 1693 τούς
999 1620 1061 1682 τῶν
1080 1641 1185 1700 παρο-
1195 1628 1226 1685 V.
1240 1632 1286 1701 140

95 1715 254 1801 τυχόντων
279 1717 439 1802 ἐκκρίτους
461 1714 599 1797 διελών,
629 1722 770 1802 σημαίας
789 1740 825 1783 τε
844 1715 901 1783 καὶ
918 1719 1065 1802 σκῆπτρα
1086 1715 1216 1799 ‹ipre-c

96 1816 196 1901 ρύηλα
216 1813 395 1898 ἐπιδιδούς,
417 1817 462 1891 εἷς
485 1816 614 1903 α’ραγὴν
635 1818 768 1894 τούτους
789 1813 949 1899 ἐκπέμπει.
992 1814 1031 1881 ού
1049 1812 1109 1900 γὰρ
1130 1807 1186 1880 ἄν·

49 1919 202 1999 15τικρυς
221 1917 349 1999 βοηθῶν
377 1918 421 2003 τῷ
439 1914 656 1999 Ἀπελχασὴμ
685 1914 839 1999 στρατιὰν
858 1912 1018 1996 ἔπεμπεν,
1040 1911 1122 1979 ἀλλὰ
1144 1914 1185 1979 τοὶ

95 2018 149 2098 τῆς
175 2017 325 2097 βοηθείαις
350 2016 497 2079 ε’ντεῦθεν
526 2013 607 2080 κατὰ
628 2013 682 2079 τὸν
699 2018 776 2079 susis
806 2016 864 2079 τού
883 2009 1120 2098 αύτοκρύτορος
1141 2015 1187 2087 εἷς

95 2110 271 2178 κατύλυοιι
288 2116 348 2177 τού
364 2112 571 2199 Ἀπελχασὴμ
598 2117 792 2198 περιΐστατο.
832 2112 889 2176 δύο
908 2110 971 2197 γὰρ
991 2110 1072 2195 πρὸς
1091 2106 1188 2194 ditri-

95 2220 171 2287 λοος
196 2214 385 2295 μαχομένων
409 2213 536 2296 ἐχθρῶν
558 2214 616 2297 τῆς
644 2215 705 2277 τῶν
723 2208 890 2293 Ῥωμαίων
915 2211 1100 2294 ἡγεμονίαις,
1120 2206 1189 2274 ἔδει

77 2312 142 2398 ’τρῖ
162 2309 377 2399 ἀσθενεστέρῳ
396 2314 594 2392 συνθέσθαι,
615 2311 676 2394 ούχ
699 2313 750 2377 ἳνα
774 2313 1030 2394 ε’πικρατέστερος
1051 2312 1189 2395 γένηταῐ,

47 2409 167 2476 οσύλλ’
187 2408 240 2474 ἵνα
258 2408 314 2474 τὸν
334 2414 392 2489 μέν
412 2407 667 2496 α’ποκρούσηται,
700 2412 756 2497 o’p’
779 2402 820 2473 ού
843 2412 880 2475 δέ
897 2408 957 2494 τήν
974 2407 1064 2473 πόλιν
1083 2410 1190 2492 έξέλη·

98 2532 154 2572 ται
174 2512 230 2573 καί
257 2511 315 2593 την
340 2512 419 2585 τέως
449 2510 493 2595 μὴ
530 2505 629 2576 orions
659 2510 720 2573 ύπό
748 2508 806 2575 τὸν
832 2508 945 2574 κύκλον
974 2508 1076 2573 αύτού
1100 2509 1189 2575 ι’ύιάν

97 2608 282 2692 ποιήσηται,
305 2608 460 2673 καὶκατὰ
481 2608 597 2695 μικρὸν
618 2612 653 2674 έκ
672 2606 793 2695 ταύτης
812 2603 926 2696 ἑτέραν
945 2607 1002 2674 κατ’
1021 2604 1110 2690 μύλα
1130 2599 1220 2677 ‹it-n

170 2807 195 2842 ο.
214 2793 300 2913 ἔργον
317 2792 345 2844 F.
428 2792 520 2861 δεινῆς
541 2795 613 2847 coni.
627 2794 841 2861 Diesteruegius.
913 2795 939 2845 8.
956 2792 1016 2862 lege'
1037 2787 1081 2858 δὴ.
1149 2792 1189 2858 si.

172 2880 223 3004 :px
240 2868 471 2999 ἱερονρρρρστστσ.
548 2868 586 2918 18.
604 2864 755 2935 ἡγεμονίας
773 2864 820 2929 τῆς
836 2862 893 2921 τῶν
904 2862 1049 2936 Ῥωμαίων
1060 2862 1092 2914 G.
1150 2880 1189 2933 ορ,

100 3108 161 3157 ruus'
173 3103 311 3157 demessus
324 3113 353 3159 et
369 3105 403 3158 de
422 3106 467 3159 die
483 3107 513 3159 io
526 3104 598 3159 diem
616 3106 750 3169 detinens,
767 3119 855 3157 arcem
867 3103 1013 3170 exstruxit3
1032 3110 1113 3173 etque
1126 3118 1189 3172 per-

100 3176 224 3246 perfecto
242 3174 350 3229 demum
368 3194 468 3247 opere,
486 3194 519 3229 ex
532 3178 599 3230 urbe
616 3194 678 3231 eum
696 3176 808 3229 dimisit,

177 3263 215 3297 rs.
251 3247 375 3300 Ceterum
400 3248 529 3313 Prosuch,
555 3258 698 3319 postquam
727 3266 788 3299 cum
813 3244 916 3315 ingenti
934 3244 1073 3313 copiosum
1099 3243 1143 3305 si,
1161 3252 1194 3295 ut

77 3370 85 3383 ,
103 3318 324 3387 exspectabatur,
346 3320 465 3383 advenit,
476 3318 601 3371 Nicaeam
621 3320 764 3372 obsidione
782 3318 885 3380 cinxit,
904 3322 987 3384 prout
1002 3312 1108 3366 Toticio
1120 3331 1193 3365 nun·

101 3388 224 3451 tisserst,
244 3388 293 3458 qui
310 3397 391 3440 noctu
412 3405 472 3441 eum
489 3391 571 3459 paulo
589 3399 652 3443 ente
673 3390 787 3442 sdierst.
804 3397 858 3441 tres
875 3402 982 3438 meuses
1002 3385 1031 3437 iu
1049 3384 1193 3437 obsidione

102 3458 180 3511 urbis
190 3460 382 3529 perseveravit.
395 3461 422 3511 in
434 3477 549 3513 summos
560 3470 648 3513 entem
659 3462 795 3529 ungustias
805 3459 854 3511 ubi
870 3458 918 3527 qui
928 3458 1000 3509 intus
1011 3464 1087 3507 erent
1096 3464 1124 3507 ct
1134 3456 1192 3524 ipse

103 3530 186 3581 etiam
203 3529 379 3599 Apelchasero
397 3548 426 3582 se
438 3532 591 3601 compulsos
605 3548 663 3584 esse
681 3531 943 3592 animadverterunt,
959 3542 1050 3597 neque
1069 3527 1194 3577 resistere

103 3600 207 3654 diutius
224 3600 359 3653 Prosucho
377 3609 539 3671 potueruut,
558 3602 654 3669 legetis
680 3600 715 3653 sd
734 3604 925 3671 imperatorem
942 3599 1042 3661 missis,
1061 3597 1194 3648 auxilium

122 3672 259 3735 etierunt,
288 3673 372 3723 setius
398 3681 541 3741 reputare
570 3672 694 3725 dicentes
716 3688 807 3723 serves
835 3671 910 3722 iilius
936 3668 1088 3729 nominari,
1110 3684 1194 3737 quom

101 3688 236 3793 guerneto
253 3758 349 3795 manus
367 3741 440 3795 dare.
457 3744 480 3794 is
499 3743 588 3796 surim
610 3760 644 3795 ex
670 3744 766 3811 copiis,
786 3759 857 3811 quae
875 3740 945 3793 forte
966 3739 1093 3801 aderant,
1113 3754 1194 3807 prae·

102 3812 283 3866 smotisstmos
300 3814 400 3881 elegit,
420 3829 522 3881 eosque
549 3830 607 3865 cum
626 3814 733 3865 vexillis
760 3821 927 3881 argentoque
950 3810 1060 3860 clsvstis
1082 3810 1193 3877 sceptris

102 3886 242 3952 suppetias
260 3885 340 3937 misit.
353 3899 442 3955 neque
461 3892 551 3935 tomen
569 3892 663 3953 aperte
682 3885 858 3935 auxiliaturus
877 3880 1071 3950 Apelchnsemo
1091 3881 1194 3931 exerci-

93 3944 160 4005 ‘tum
177 3954 264 4019 misit,
282 3954 329 4007 sed
349 3972 383 4006 ex
400 3954 570 4024 imperatoris
583 3963 675 4009 mente
699 3955 830 4007 auxilium
847 3954 878 4004 in
896 3952 1044 4021 perniciem
1058 3950 1193 4020 Apciche-

101 4024 170 4075 semi
197 4034 263 4077 esst.
306 4025 420 4077 duorum
444 4026 516 4077 enim
543 4025 649 4111 imperii
670 4025 782 4077 Romani
810 4024 928 4076 hostium
947 4023 1020 4087 inter
1037 4037 1066 4073 se
1085 4031 1192 4076 certon.

102 4096 174 4147 tium
193 4096 400 4149 succurrendum
418 4106 477 4149 ernt
494 4096 680 4162 imbecrlliori,
708 4114 764 4150 non
783 4112 838 4166 quo
854 4092 973 4147 solidior
990 4093 1080 4156 fieret,
1096 4093 1144 4145 sed
1162 4102 1193 4145 ut

102 4165 221 4218 alterum
248 4166 416 4236 depelleret,
434 4168 513 4220 citeri
541 4166 634 4221 urbem
653 4168 774 4237 eriperet
792 4180 907 4235 eamque
927 4172 1002 4217 estre
1021 4164 1128 4233 imperii
1148 4180 1192 4215 or-

103 4236 167 4292 bem
184 4246 243 4291 tum
261 4240 375 4309 positam
392 4248 580 4312 recuperaret,
597 4247 625 4292 ct
645 4238 778 4311 paulatim
797 4236 863 4291 inde
881 4234 943 4289 aliis
961 4242 1042 4305 atquc
1060 4234 1122 4287 eliis
1140 4250 1192 4303 po-
