3042 4909
362 347 442 448 rdd
698 371 837 434 muru
876 366 1099 433 corruente

352 521 424 606 ἱεροὶ
447 524 548 605 ἐκείνη
565 518 652 603 γυνη.
694 517 886 604 σωφροσύνη
900 522 960 599 μὲν
980 516 1041 601 γὰρ
1057 519 1203 581 τοσοῦτον
1226 510 1366 600 ὑπερῆρε
1387 519 1450 581 κατ’

352 619 411 698 τὰς
433 618 534 685 πάλαι
548 617 754 700 ὑμνουμένας,
776 619 851 701 περὶ
866 610 912 683 οἷν
933 613 951 682 ὅ
971 614 1070 693 πολδς
1083 615 1182 699 λόγος,
1204 609 1321 680 ὁπόσον
1342 617 1445 680 ἄστε’·

351 743 410 804 ρας
428 713 536 804 ἥλιος·
580 713 634 782 τὸν
656 719 692 782 δὲ
714 716 788 800 περὶ
815 715 890 793 τούς
910 721 1045 802 πένητας
1065 711 1165 780 οἶκτον
1185 715 1285 798 ου’τῆς
1303 717 1359 778 καί
1380 712 1448 798 την

351 821 473 902 δαψιλῆ
493 815 572 899 πρὸς
602 812 677 891 τούς
706 817 872 895 δεομένους
891 825 988 902 χοῖροι
1020 822 1066 891 τίς
1088 811 1302 898 παραστήσατε
1321 809 1445 896 λόγοςς

350 916 453 982 κοινὸν
474 921 534 998 μὲν
553 907 591 1000 ἦν
609 915 629 1000 ἡ
648 916 745 1000 ου’τῆς
764 910 853 980 ἑστία
871 915 1067 999 καταγώγιον
1085 923 1151 988 τοῖς
1171 916 1205 991 ἔξ
1229 913 1363 993 αἳματος
1382 927 1477 987 sss-5

349 1023 505 1100 νομένοις,
528 1013 630 1081 κοινδν
650 1019 686 1080 δὲ
705 1014 762 1080 καὶ
780 1019 879 1093 ξένοις
899 1015 960 1100 οὐχ
983 1008 1086 1100 ἧττον.
1128 1013 1234 1096 ἱερέας
1249 1015 1286 1076 δὲ
1303 1013 1361 1076 καί
1378 1033 1444 1093 μο-

269 1115 468 1200 Ρ.88ναχοδς
491 1113 703 1200 διαφερόντως
734 1115 826 1195 ἐτίμα
849 1111 905 1179 καὶ
923 1116 1182 1193 ξυνδειπνοῦντας
1201 1107 1284 1194 εἶχε,
1304 1115 1361 1177 καί
1380 1111 1442 1174 ου’-

351 1216 419 1282 devs*
431 1210 512 1300 ,ἔτερ
534 1217 683 1297 μοναχοῖν
711 1213 768 1299 την
789 1216 885 1298 αὐτῆς
909 1211 1068 1296 τράπεζαν
1087 1215 1271 1277 θεάσασθαι
1292 1212 1373 1296 ἐνῆν.
1419 1209 1442 1293 ἦ

350 1318 386 1381 δὲ
403 1313 520 1396 ἔξωθεν
546 1315 781 1399 ἐπιφαινομένη·
802 1316 859 1378 τοῦ
890 1307 991 1397 η’θους
1010 1309 1204 1394 κατάστασις
1222 1315 1277 1375 κατ’
1294 1312 1443 1394 α’γγδλοις

350 1418 512 1497 αἰδέσιμος
533 1417 588 1478 καί
608 1414 713 1489 αδτοῖς
733 1415 769 1478 δὲ
788 1421 856 1489 τοῖς
876 1415 1007 1494 δαίμοσι
1028 1410 1177 1498 φοβερά,
1197 1410 1380 1496 ἀνθρώποις
1400 1414 1440 1476 δὲ
1455 1435 1496 1476 ιο

349 1514 394 1600 μη
415 1515 595 1598 ἕχέφροσιν,
617 1510 697 1576 ἄλλα
717 1513 793 1596 περὶ
812 1508 927 1598 ἡδονᾶς
947 1515 1149 1595 ἐπτοημένοις
1173 1510 1364 1586 α’νιὶποιστος
1382 1515 1443 1575 κατ’

348 1617 383 1678 ἐκ
405 1611 503 1694 μόνου
523 1615 583 1677 τοῦ
609 1615 805 1694 βλέμματος,
833 1621 897 1689 τοῖς
928 1615 958 1677 δ’
982 1604 1025 1676 αὖ
1040 1635 1076 1697 γε
1097 1611 1307 1698 σωφροσύνης
1328 1613 1440 1692 ineps·

349 1714 513 1792 inoperose
532 1711 627 1796 ἱλαροί
640 1737 671 1778 τε
691 1701 747 1778 καί
763 1709 933 1798 προσηνής.
962 1714 1065 1796 μέτρα
1083 1709 1145 1796 γὰρ
1170 1710 1248 1795 ἔγνω
1268 1715 1440 1798 κατηφείας

350 1815 406 1876 κατ’
427 1811 623 1896 σεμνότητος,
645 1807 689 1888 ὦς
707 1809 789 1896 μήτε
813 1812 848 1877 sd
867 1813 1006 1897 κατηφὲς
1022 1805 1133 1895 ἄγριόν
1152 1837 1218 1889 ποος
1238 1810 1293 1876 κατ’
1314 1814 1439 1896 θηριῶ-

351 1915 403 1986 δες
425 1914 542 1992 δοκεῖν,
562 1911 642 1995 μήτε
662 1913 697 1976 τὸ
718 1911 843 1976 οἷπαλὸν
864 1913 1098 1993 κεχαλασμένον
1117 1934 1151 1976 τι
1171 1912 1226 1976 καί
1244 1908 1438 1993 α’κόλοιστον,
1455 1912 1490 1972 ri

323 2008 406 2075 Βκαί
425 2006 509 2095 δρον,
531 2007 630 2092 οἶμαι,
652 2013 738 2076 τοῦτ’
760 2005 843 2076 εἶναι
863 2011 1084 2095 κοσμιότητος,
1104 2013 1274 2096 πραθέντος
1303 2013 1360 2075 τοῦ
1382 2035 1437 2094 φι-

349 2110 541 2196 λανθρώπου
574 2114 618 2200 τῷ
644 2115 699 2195 τῆς
726 2114 835 2195 ψυχῆς
865 2107 1070 2192 οἷναστηματι,
1117 2108 1151 2175 sd
1187 2111 1223 2174 δὲ
1251 2101 1331 2194 ἦθος
1354 2108 1438 2194 αὐτῇ

349 2207 586 2294 ὑποκαθήμενον
617 2209 696 2294 πρὸς
727 2206 919 2294 ἐνθυμήσεις
926 2257 937 2288 ,
963 2209 1017 2272 det
1036 2202 1218 2293 καινοτέρας
1233 2203 1438 2293 α’νελιττοιῖση

350 2307 407 2385 τὰς
424 2311 573 2393 γνώμας,
603 2313 641 2374 ου’
664 2306 845 2396 φθαρτικὰς
872 2313 929 2372 τοῦ
947 2309 1074 2392 κοινοῦ,
1103 2301 1148 2385 aig
1163 2331 1246 2383 τινες
1265 2303 1438 2370 ὖπττονθδ·

350 2411 465 2492 ρυζον,
496 2408 577 2475 ἄλλα
609 2406 783 2489 σωστικάς,
814 2408 870 2471 κατ’
889 2409 1100 2492 διεφθορυῖαν
1119 2400 1181 2491 ἤδη
1198 2403 1254 2489 την
1272 2406 1487 2486 βασιλείαναο

350 2509 396 2583 εἰς
417 2507 602 2594 ὁλοκληρίαν
624 2505 860 2588 ἐπαναγούσας,
886 2501 928 2570 τά
950 2529 983 2570 τε
1012 2509 1072 2570 τοῦ
1092 2506 1197 2571 κοινοῦ
1216 2506 1262 2580 εἰς
1281 2501 1317 2570 τὸ
1336 2504 1436 2586 μηδὲν

351 2606 527 2691 ἕληλαιιότα
548 2603 809 2690 εἰιανορθούσας,
829 2605 873 2681 οὖς
897 2600 1042 2686 δυ’ναμις.
1085 2604 1168 2690 πλην
1189 2605 1220 2670 εἰ
1237 2605 1294 2668 καὶ
1314 2606 1355 2690 τῇ
1373 2607 1436 2667 τῶν

424 2805 446 2840 ι.
463 2781 527 2859 ἱεροὶ
548 2786 634 2850 ὄντας
653 2788 685 2842 G.
789 2807 812 2859 7.
831 2789 1068 2852 συνδειπνοῦντας
1083 2790 1113 2842 C.
1211 2805 1249 2840 ra.
1267 2788 1317 2843 τοῦ
1335 2805 1388 2839 om.
1400 2787 1433 2840 G.

424 2860 462 2912 15.
480 2877 509 2914 se
527 2877 578 2912 om.
597 2861 629 2911 G.
705 2863 742 2914 18.
761 2861 982 2934 προκαθῆμενον
999 2861 1032 2913 G.
1099 2876 1161 2912 -at
1179 2861 1209 2921 ic
1225 2861 1262 2925 P,
1280 2860 1389 2920 εὶςῦδ·

350 3030 539 3082 monasterium
557 3029 701 3083 videretur.
730 3033 793 3084 tulis
807 3039 864 3082 erat
878 3033 981 3101 egregia
1000 3041 1028 3083 et
1046 3047 1136 3082 revera
1155 3031 1304 3082 sauctaiiis
1325 3029 1431 3082 tensius.

348 3102 527 3170 temperantia
540 3104 610 3153 enim
626 3111 729 3154 tantum
741 3103 886 3171 superabat
899 3104 979 3154 etiarn
991 3103 1214 3154 celebratissimae
1224 3101 1289 3153 oiim
1298 3103 1431 3161 mutieres,

349 3187 419 3242 quae
435 3173 464 3223 in
484 3173 602 3224 omnium
612 3189 658 3224 ore
672 3182 819 3232 versantur,
837 3181 966 3242 quantum
982 3174 1076 3225 stelias
1090 3174 1140 3225 sol.
1159 3175 1211 3224 iam
1223 3172 1431 3223 misericordiam

349 3243 407 3294 eius
426 3245 454 3293 in
466 3259 598 3312 pauperes
619 3261 649 3294 ac
667 3242 808 3295 liberalem
821 3244 851 3294 in
869 3253 979 3312 egentes
992 3261 1099 3296 manum
1114 3244 1174 3313 quis
1185 3241 1274 3295 verbis
1285 3244 1432 3312 exprimere

349 3313 452 3383 queat?
468 3329 608 3366 commune
626 3323 684 3365 eret
702 3315 759 3366 eius
781 3313 875 3366 domus
890 3313 1070 3365 deversorium
1088 3315 1303 3382 consanguineis,
1323 3315 1369 3383 qui
1390 3314 1431 3364 irr-

348 3384 411 3454 opia
431 3383 604 3448 laborabant3
622 3401 671 3435 nec
688 3385 777 3437 minus
794 3385 888 3436 eadem
904 3385 1001 3436 aiienis
1018 3401 1127 3454 quoque
1145 3383 1262 3453 patebat.
1280 3383 1431 3436 sacerdotes

349 3463 438 3505 autem
458 3463 487 3506 et
502 3453 646 3506 monachos
686 3457 810 3525 raecipuo
828 3454 936 3507 colebat
963 3455 1066 3506 bonore
1085 3455 1165 3507 etad
1183 3472 1302 3506 mensam
1319 3453 1431 3506 adbibe-

349 3523 411 3587 bat,
431 3539 481 3576 nec
498 3529 639 3593 quisquam
661 3472 739 3576 boile
760 3527 818 3577 sine
836 3525 974 3578 monacbis
987 3525 1189 3577 accumbentem
1208 3543 1267 3576 eam
1285 3525 1432 3595 conspexit

350 3610 422 3680 quae
442 3595 605 3646 extrinsecus
624 3595 774 3664 apparebat
796 3598 898 3664 ingenii
917 3597 974 3646 eius
988 3597 1108 3664 species,
1127 3605 1156 3647 et
1171 3596 1275 3664 angelis
1292 3596 1432 3647 venerabi·

349 3666 385 3717 iss
405 3672 434 3716 et
451 3665 516 3734 ipsis
534 3665 711 3718 daemonibus
730 3667 858 3718 terribilis
877 3675 948 3727 erat·
961 3665 1115 3718 bominibus
1131 3675 1224 3719 eutem
1243 3682 1299 3718 non
1315 3667 1432 3735 pruden-

350 3735 437 3798 tibus,
455 3735 503 3786 sed
521 3735 636 3788 libidine
660 3738 767 3805 agitatis
795 3737 976 3788 intolerabilis
993 3737 1037 3789 vel
1062 3738 1120 3788 soto
1138 3739 1283 3808 adspectu3
1307 3746 1336 3789 at
1355 3738 1431 3806 quie

349 3808 484 3860 contrecto
500 3808 695 3875 temperantiae
711 3807 867 3871 studebant,
885 3807 983 3859 hilaris
1001 3817 1031 3859 et
1039 3809 1163 3878 propitia·
1178 3825 1240 3860 nam
1256 3808 1364 3860 modum
1383 3823 1431 3857 no-

351 3883 395 3927 ret
413 3877 541 3930 tristitiae
561 3879 780 3948 severitatisque,
806 3887 838 3930 ut
856 3895 944 3948 neque
964 3879 1073 3931 tristitia
1089 3879 1215 3930 immanis
1234 3887 1263 3931 et
1281 3877 1338 3930 sess
1355 3878 1431 3930 side·

351 3953 440 4009 retur,
468 3965 558 4018 neque
577 3947 698 4000 hilaritas
725 3947 856 4000 dissoluta
884 3957 913 4000 et
937 3948 1084 4014 indomita3
1110 3957 1192 4019 atque
1211 3949 1302 4010 bunc,
1320 3949 1430 4018 opinor,

238 4073 241 4086 Ι
350 4004 494 4068 terminium
506 4019 643 4070 statuebat
655 4018 813 4081 modestiae,
830 4027 861 4070 ot
870 4017 1023 4071 humanitas
1034 4019 1143 4072 condite
1154 4029 1227 4074 esset
1236 4021 1365 4089 gravitate
1375 4020 1432 4071 ani·

349 4085 444 4154 mique
462 4089 656 4156 magnitudine.
674 4097 771 4141 natura
794 4088 829 4140 ad
842 4090 1028 4142 meditandum
1047 4091 1209 4159 propensior
1227 4099 1295 4155 erat,
1320 4098 1348 4141 et
1363 4106 1430 4141 nova

351 4171 458 4226 semper
482 4159 596 4210 consilia
620 4161 710 4213 animo
727 4159 866 4223 versabat,
885 4177 940 4212 nou
960 4160 1110 4229 perniciosa
1129 4161 1177 4212 ilia
1195 4160 1308 4232 quidem
1327 4161 1365 4211 sei
1379 4177 1430 4244 pu-

352 4227 452 4294 biiose,
468 4235 500 4282 nt
516 4229 627 4300 quidam
645 4231 836 4295 mussitabant,
855 4228 904 4284 sed
923 4231 1060 4295 salutaris,
1081 4247 1207 4304 quasque
1223 4230 1361 4306 perditum
1379 4247 1429 4284 ran
1502 4276 1503 4299 ,
