3042 4909
544 302 761 369 sttxttnts
791 305 869 366 uu.
888 306 943 367 vt.
973 306 1002 368 i.
1235 307 1312 392 27!

227 450 436 535 ὁπλισάμενος
448 438 627 537 Nrr‘orp'sret,
658 450 773 519 σκοπὸν
792 444 919 519 ἄνωθεν
946 452 1119 538 δπιστήσας
1138 454 1190 521 τὸν
1209 455 1244 522 eri
1267 461 1321 522 δο-

225 557 286 618 θὲν
305 552 392 637 nv’rqi
412 548 499 637 παραὶ
515 553 571 617 τοῦ
589 554 746 633 βασιλέως
767 554 976 639 διατηροῦντα
989 554 1070 619 ίδεῑν
1089 552 1247 639 σύνθημα,
1266 558 1324 622 καί

226 652 433 738 παρήγγειλεν
463 649 518 732 ὥς,
544 648 676 735 ὁπηνίκα
703 655 798 716 τοῦτο
818 651 987 734 θεάσαιτο,
1008 644 1107 729 αὖθις
1126 654 1212 743 αὐτῷ
1228 659 1321 721 τοῦτο

226 748 493 835 ἐπισημήνασθαι.
536 745 738 835 αδγαζοδσης
759 752 795 815 δὲ
815 751 870 833 τής
889 750 1013 845 ἡμέρας
1031 743 1094 836 ἤδη
1125 752 1162 817 τὸ
1179 755 1322 820 ε’νοιὶλιον

198 850 439 927 5δλαλοίξαντες
461 847 492 913 οἱ
514 849 572 913 rori
591 846 824 933 αὐτοκράτορος
842 850 981 934 πόλεμον
994 849 1074 932 μετὰ
1098 856 1162 918 τῶν
1175 855 1352 919 Λατίνανῦ

226 949 289 1014 ἀπὸ
309 953 366 1034 τῆς
385 952 504 1031 χέρσου
538 953 701 1031 συναίρειν
721 949 896 1033 ἠπείγοντο.
946 945 964 1013 δ
985 952 1021 1015 es
1039 949 1158 1027 σκοπὸς
1174 953 1210 1017 τδ
1229 955 1324 1017 δοθὲν

226 1058 355 1134 σημεῖον
382 1046 600 1127 θεασάμενος,
628 1048 669 1111 δι’
692 1041 803 1133 ἑτέρον
831 1048 966 1133 σημείου
999 1051 1095 1136 δηλολι
1110 1052 1155 1139 τῷ
1174 1056 1323 1116 Παλαιο·
1349 1054 1353 1061 ’

226 1147 319 1237 λόγῳ.
361 1141 378 1210 δ
402 1150 432 1211 δ’
454 1144 554 1220 εδθδς
573 1143 655 1226 μετὰ
680 1150 742 1210 τῶν
759 1144 820 1211 orie
840 1146 926 1236 αὐτῷ
947 1145 1005 1233 τήν
1025 1149 1222 1236 οἶνρολοφιάν
1242 1152 1361 1219 trie-V.
1375 1168 1422 1218 rat

225 1270 279 1313 τον
298 1246 502 1327 καταλαβών,
525 1241 725 1329 σονησπικοδς
746 1244 866 1312 ἵστατο.
909 1244 970 1330 τήν
980 1248 1066 1330 ’γοῦν
1084 1248 1173 1325 ἐντὸς
1191 1254 1321 1331 πολιορ-

184 1350 297 1417 τοιιίαν
317 1345 334 1411 δ
358 1348 531 1431 Βροίννιος
551 1340 636 1429 δρῶν
653 1342 710 1409 κατ’
728 1342 1017 1428 τδνΠαλαιολόγον
1037 1350 1103 1411 κατ’
1116 1346 1223 1412 cirris
1241 1344 1321 1435 βριί·

226 1471 335 1530 χοντα,
358 1447 427 1509 οὐδ’
449 1437 549 1521 οὕτως
569 1444 723 1524 ίνεδίδοο,
745 1442 828 1507 ἀλλὰ
849 1443 923 1520 eosic
944 1441 1084 1529 κόμητας
1103 1447 1229 1511 ἐκέλευε
1247 1470 1321 1529 γον.

223 1544 688 1632 ναιὸτερονοίντικαθίστιιοθαι.
712 1539 743 1606 οἱ
768 1544 803 1607 δὲ
816 1540 1100 1630 ἀναισχυντότερον
1113 1541 1201 1635 αὐτῷ
1220 1569 1319 1630 προσ.

226 1641 397 1732 φερόμενοι
426 1640 530 1725 ἔλεγον
558 1640 684 1729 “o‘oqic,
718 1640 761 1715 cic
794 1639 891 1706 κακὸν
918 1640 974 1708 tut
999 1648 1086 1732 κακηῐ
1115 1645 1316 1728 ὀστήρικται·

224 1742 326 1825 ἔξεστι
354 1737 412 1809 orie
439 1736 558 1833 ἑκάστῳ
591 1740 683 1825 ἡμῶν
708 1742 766 1806 τοῦ
787 1742 902 1806 λοιποῦ
929 1740 989 1827 τήν
1020 1737 1142 1808 &aeret
1159 1748 1320 1830 σωτηρίαν

180 1839 542 1930 ,ςπραγματεὺσασθαη
565 1841 620 1905 καί
638 1838 715 1915 roric
736 1844 797 1923 μὲν
817 1845 861 1928 τῷ
879 1846 1010 1923 βασιλεῖ
1026 1846 1222 1927 προσελθεῖν,
1243 1842 1320 1919 τούς

225 1944 261 2009 δὲ
281 1942 336 2009 ἐπὶ
354 1941 409 2026 τήν
437 1942 555 2004 οἰκείαν
580 1942 720 2023 πατρίδα
753 1940 992 2019 ἐπαναζεῦξαι.”
1044 1942 1100 2005 καί
1118 1946 1352 2028 παραχρήμαῡ

224 2040 318 2128 ἔργον
341 2040 512 2123 ἁψάμενοι,
533 2039 732 2115 ἐξαιτοῦνται
754 2036 811 2102 τόν
829 2040 1051 2124 αὐτοκράτορα
1074 2043 1162 2122 μιάν,
1182 2043 1242 2122 μὲν
1261 2067 1319 2127 οη·

222 2146 323 2225 μαιάν
346 2140 424 2226 πρὸς
442 2140 479 2205 τὸ
501 2140 559 2203 rori
579 2131 858 2221 μεγαλομᾶρτορος
873 2140 905 2203 Γ
902 2141 1035 2222 εωργίοο
1045 2144 1173 2222 τέμενος
1192 2145 1318 2227 στῆναι,

224 2241 364 2329 (ἔφθασε
397 2238 457 2325 γάρ
481 2240 529 2304 ἐπ’
553 2235 686 2319 ὀνόματι
716 2234 831 2302 τούτου
851 2240 910 2302 τοῦ
931 2238 1093 2324 μοὶρτορος
1112 2242 1213 2305 ἐνεῖσα
1232 2243 1319 2306 τίνοι·

176 2344 440 2427 τοκοδσμηθήναι
458 2336 476 2403 δ
497 2337 574 2415 ναὸς
595 2334 710 2403 οὑτοσί
717 2338 744 2425 ,)
770 2333 827 2421 τήν
849 2338 885 2402 δὲ
903 2335 949 2414 ὥς
977 2335 1057 2424 πρὸς
1077 2337 1134 2404 τδν
1153 2342 1295 2407 Αιίλοδνα
1306 2390 1317 2423 ,

298 2547 318 2579 ι.
335 2522 487 2593 ἐπιστήσας
503 2522 589 2594 τούτῳ
615 2509 666 2579 tvi
685 2526 730 2579 roi
754 2513 786 2577 τδ
809 2522 895 2578 δοθὲν
919 2522 982 2589 PG,
1006 2524 1161 2592 ἐπιστήσας
1182 2522 1215 2581 τὸ
1233 2526 1318 2585 δοθὲν

294 2598 332 2660 C,
351 2605 424 2649 recte
444 2598 473 2649 F.
536 2612 561 2649 a.
580 2602 644 2663 post
662 2594 799 2665 βασιλέως
817 2594 880 2646 edd.
902 2604 1018 2667 σημεῖον
1037 2599 1072 2662 Ρ,
1094 2615 1145 2649 om.
1167 2598 1216 2650 CF.
1292 2602 1317 2655 3.

294 2668 369 2738 αὐτῷ
388 2666 437 2721 τοῦ
455 2661 488 2720 τό
507 2667 533 2718 Ρ.
589 2682 613 2735 7·
635 2671 750 2738 σημείου
768 2664 825 2729 FC,
844 2676 963 2737 σημεῖον
982 2666 1036 2717 PG.
1076 2684 1113 2722 ro
1134 2662 1319 2724 ιιαλτόνΠα-

294 2736 443 2808 λαιολδγον
460 2766 496 2777 -
512 2734 651 2806 ῥρὺχοντα
670 2734 793 2789 om.CG.
876 2754 912 2788 sn
928 2734 1036 2791 αδτοῡδ
1123 2740 1317 2811 perpererat

297 2812 334 2875 ιή.
356 2803 408 2864 οὖν
424 2806 573 2877 Ἑλ,γοῠν
593 2808 644 2859 PG.
715 2804 842 2877 ὑμῶνΔ.
920 2824 958 2876 ¹7·
976 2810 1061 2879 ἔργον
1078 2809 1143 2875 PG,
1170 2812 1317 2883 ἔργουΡΑ.

298 2884 337 2933 ιδ.
356 2873 430 2950 πρὸς
447 2872 478 2932 ro*
497 2908 533 2918 —
550 2880 664 2949 τέμενος
681 2878 713 2940 Δ,
729 2868 805 2962 πρὸς
820 2876 859 2945 τῷ
883 2906 916 2918 -
937 2884 1046 2949 τεμένει
1064 2880 1118 2932 PG.
1207 2898 1250 2936 ao.
1268 2876 1317 2948 τήν

294 2950 324 3005 ee
337 2970 344 3003 ι
359 2950 457 3023 ἑτέραν
475 2948 506 3004 δλ
521 2942 594 3021 πρὸς
611 2943 660 3016 τὴν
679 2952 719 3007 είς
734 2966 785 3003 τον
803 2944 919 3001 autoire
937 2948 1109 3020 δπδγσυσαν
1128 2954 1158 3005 λ.

223 3112 354 3156 rarenter.
391 3102 569 3173 Pelaeoiogue
595 3102 678 3169 igitur
695 3100 830 3171 Georgius
848 3110 991 3171 poetquam
1017 3102 1067 3155 sub
1092 3104 1208 3169 collem,
1234 3124 1316 3178 qoem

221 3176 275 3227 iam
294 3176 513 3237 commemorari,
533 3174 655 3244 appulit,
672 3181 789 3225 armatus
806 3173 932 3225 substitit
945 3182 972 3226 et
984 3174 1179 3243 speculatorem
1194 3179 1222 3229 in
1241 3180 1316 3236 edito

221 3246 282 3299 loco
301 3248 409 3317 posuit,
427 3246 476 3315 qui
502 3244 608 3313 signum
633 3242 667 3295 ob
688 3244 850 3313 imperatore
874 3243 966 3296 datum
987 3246 1144 3298 observaret
1168 3258 1214 3313 et,
1237 3253 1316 3306 simul

220 3326 304 3389 etque
323 3316 515 3386 conspexisset,
530 3316 560 3367 id
578 3314 629 3368 sibi
648 3330 738 3366 rursus
757 3315 929 3385 significaret.
948 3317 1009 3369 luce
1027 3317 1079 3368 iam
1097 3326 1171 3385 orto,
1190 3322 1238 3391 qui
1256 3340 1315 3377 cum

220 3390 382 3459 imperatore
407 3396 499 3451 erent,
524 3387 635 3438 claesico
661 3394 794 3448 canente,
817 3403 970 3455 pugnama
999 3389 1152 3441 continenti
1173 3408 1316 3448 conserere

220 3476 280 3511 curn
308 3458 413 3511 Latinis
441 3456 579 3509 festinant.
605 3457 768 3527 speculator,
788 3463 820 3509 ut
838 3457 932 3509 datum
960 3458 1066 3528 signum
1092 3466 1249 3530 conspexit,
1266 3484 1316 3535 per

220 3531 333 3583 aiterum
354 3530 457 3597 signum
470 3528 630 3597 Pelaeologo
651 3526 680 3577 id
697 3527 814 3580 nuntiat
832 3528 880 3598 qui
898 3530 988 3581 statim
1010 3530 1073 3599 iugo
1091 3532 1231 3587 celerrime
1253 3553 1314 3589 curu

219 3605 275 3654 suis
296 3609 435 3670 superato,
454 3596 493 3650 ibi
520 3598 662 3651 confertim
682 3598 815 3650 constitit.
838 3608 867 3651 at
895 3600 1063 3668 Bryennius,
1081 3607 1202 3673 quemvis
1222 3615 1251 3658 et
1266 3625 1315 3659 ex-

218 3674 352 3729 trinsecus
372 3672 503 3740 impetum
521 3670 707 3723 imminentem
721 3669 952 3755 etPaieeolopum
971 3672 1143 3725 frendentem
1158 3676 1186 3727 in
1204 3694 1234 3729 ee
1243 3680 1314 3731 intre

219 3752 360 3807 cerneret,
377 3750 468 3794 tamen
487 3756 523 3793 ne
550 3739 714 3811 sicquidem
734 3740 824 3794 auimo
846 3741 965 3806 cecidet,
984 3742 1032 3794 seri
1049 3744 1161 3797 comites
1186 3748 1265 3801 iussit
1282 3766 1315 3802 eo

219 3814 317 3868 fortius
336 3814 469 3867 resistere.
494 3819 523 3863 at
538 3811 568 3863 hi
593 3810 802 3864 inverecundius
830 3820 1013 3881 repetentes,
1042 3815 1159 3881 “vinem
1176 3818 1316 3891 inquiunt,

218 3894 250 3937 ut
268 3886 369 3939 malum
388 3885 460 3938 malo
481 3882 600 3936 accedat.
618 3890 729 3953 oportet
743 3884 828 3953 igitur
839 3900 1061 3957 unumquemque
1078 3894 1200 3941 nostrum
1218 3894 1248 3944 in
1263 3908 1315 3963 po-

219 3964 320 4009 sterum
337 3958 418 4009 suluti
437 3972 501 4008 suae
520 3954 680 4019 consulere,
702 3962 731 4007 et
756 3954 802 4007 vel
826 3955 861 4007 ad
879 3956 1070 4026 imperatorem
1096 3962 1246 4029 transgredi
1270 3964 1314 4015 vei

220 4028 248 4079 in
267 4027 382 4097 patriam
401 4026 514 4081 redire.''
533 4042 565 4077 ac
582 4028 675 4079 etatirn
689 4042 746 4079 rem
765 4027 898 4095 aggressi,
923 4034 1023 4097 petunt
1041 4028 1077 4080 ab
1094 4030 1265 4101 imperatore,
1284 4042 1315 4085 ut

220 4098 323 4168 signum
337 4099 454 4151 militare
470 4099 586 4151 alterum
603 4114 695 4151 versus
710 4099 843 4166 temptum
857 4099 947 4167 magni
959 4100 1085 4166 martyris
1098 4103 1221 4173 Georgii,
1243 4106 1313 4166 {erat

220 4169 290 4221 enim
310 4168 376 4222 huic
398 4170 530 4243 templum
553 4168 592 4221 ibi
613 4170 773 4240 conditum)
792 4168 907 4222 alterum
923 4169 1056 4223 Anionem
1074 4188 1166 4225 uersus
1179 4180 1312 4227 statuere.
