3042 4909
357 295 434 378 162
692 313 831 378 sunan
859 306 1081 375 conuenae

346 471 512 554 βασιλείας
531 463 800 551 όπιδραξάμενος,
819 457 894 535 τσός
912 461 971 537 μὲν
990 455 1115 538 άγοόνας
1131 457 1187 519 κατ’
1205 447 1341 537 όδράτας
1359 447 1452 518 ἑαυ-

318 572 390 660 crui
409 571 617 649 τεταμίειικε,
638 559 762 645 δεωρόν
782 562 848 625 τάν
867 556 998 640 άγοόνων
1018 553 1074 639 τήν
1091 555 1213 640 μητέρα
1233 554 1451 636 πασάμενος,

345 671 466 752 ἐκείνην
487 667 524 731 δὲ
545 660 688 730 δεσπότιν
702 656 987 742 καταστησάμενος,
1011 651 1047 720 τό
1070 655 1144 736 παρ’
1165 655 1285 738 ἐκείνης
1306 655 1451 718 κελευό-

343 790 440 852 μενον
464 766 608 849 καθάπερ
637 765 747 836 δοῦλος
766 757 853 842 ἔλεγὲ
872 781 906 822 τε
936 758 992 820 καί
1010 751 1172 839 ἔτραπεν.
1214 750 1360 838 ἔστεργεν
1379 745 1452 820 οὖν

344 865 446 952 αὐτήν
475 865 491 931 ό
522 861 673 948 βασιλεδς
706 861 879 946 δπερφσιός
906 859 963 921 κατ’
989 857 1051 919 τεόν
1081 853 1181 937 αάτής
1207 852 1487 936 βονλεσμάτωκό

346 967 516 1052 ἐξήρτητο,
552 964 713 1044 (τοσοῦτον
733 953 773 1043 ήν
795 951 981 1044 φιλομήτωρ
988 956 1014 1039 ,)
1042 956 1097 1017 καί
1116 951 1174 1036 τήν
1202 950 1308 1030 δεξιάν
1325 951 1446 1020 ἔδιδον

345 1070 401 1151 τής
435 1063 553 1149 τ’κείνης
583 1058 722 1146 γλάττης
749 1057 901 1142 ὑπηρέτιν
937 1053 992 1118 καί
1018 1049 1074 1136 τήν
1104 1048 1203 1134 σ’κσήν
1228 1055 1293 1118 τεόν
1313 1054 1444 1135 ἐκείνης

346 1166 462 1251 φωνάν
482 1165 528 1239 εἰς
549 1156 716 1245 άκρόασιν,
739 1156 795 1222 καί
812 1159 858 1233 εἰς
877 1148 1001 1219 ἅπαντα
1022 1149 1123 1238 ταότη
1148 1149 1165 1216 ό
1185 1149 1337 1233 βασιλεός
1359 1175 1445 1234 σωγ-

345 1268 511 1330 κειτέκεοετ
539 1260 562 1348 ή
591 1262 754 1340 άνόνεσεν,
787 1259 838 1341 ἐφ’
869 1248 917 1329 οἷς
945 1246 1010 1336 ἄρα
1041 1254 1143 1335 όκείνη
1171 1245 1445 1347 κατανεόσειενή

345 1364 553 1432 άνανεόσειεν.
596 1364 652 1425 καί
674 1353 712 1442 ήν
731 1355 766 1422 τό
787 1357 919 1442 πράγμα
949 1346 1029 1426 όλως
1048 1355 1202 1421 τοιοῦτον.
1243 1348 1360 1428 ἐκεῖνος
1376 1353 1444 1432 μὲν
1461 1377 1505 1416 so

313 1463 407 1549 1)de
423 1465 532 1548 σχῆμα
553 1462 717 1544 βασιλείας
738 1449 839 1540 εἶχεν,
861 1453 883 1538 ή
907 1455 942 1517 δὲ
964 1450 1021 1534 τήν
1040 1451 1205 1533 βασιλείαν
1223 1448 1338 1534 αδτήν·
1381 1457 1447 1515 καί

347 1565 366 1650 ή
396 1564 456 1646 μὲν
484 1563 713 1643 όδεσμοδὲτει,
746 1553 853 1644 διήκει
890 1551 927 1618 τό
967 1556 1030 1617 τιάν
1064 1555 1119 1617 καί
1149 1549 1382 1634 ε’ντροτάνεσεν,
1422 1550 1442 1616 o‘

346 1665 383 1728 δὲ
404 1660 461 1737 τάς
483 1656 652 1743 διοικήσεις
675 1658 793 1740 όκείκης
826 1652 882 1718 καί
896 1651 955 1727 τάς
976 1650 1156 1738 ἐγγράφους
1185 1655 1242 1715 κατ’
1259 1649 1316 1728 τάς
1336 1650 1443 1736 ἐγρά-

346 1783 443 1845 φσσς,
473 1757 532 1836 τάς
562 1759 620 1839 μὲν
650 1755 758 1840 χειρί,
786 1750 845 1829 τάς
867 1754 903 1817 δὲ
923 1761 1045 1838 φωναῖς
1065 1751 1299 1838 ἐπεσφράγιζε,
1319 1751 1377 1817 κατ’
1393 1752 1445 1828 σός

347 1855 433 1924 οότω
451 1881 487 1943 γε
520 1855 638 1944 φάναι,
672 1845 805 1938 όργανον
830 1846 871 1937 ήν
892 1853 973 1938 ιιάτή
999 1851 1182 1933 βασιλείας,
1211 1853 1251 1916 ου’
1272 1851 1440 1934 βασιλεύς.
1455 1850 1497 1910 15

346 1957 495 2044 ήρέσκετο
523 1955 583 2042 γάρ
615 1957 665 2043 ἔφ’
685 1949 822 2034 άπασιν,
851 1946 899 2028 οἶς
920 1951 940 2034 ή
961 1949 1064 2034 μήτηρ
1094 1953 1236 2036 διαγνοίη
1259 1950 1314 2015 καί
1334 1954 1442 2035 διορί-

259 2071 412 2138 narone
424 2107 434 2140 ‚
467 2055 524 2123 καί
554 2057 615 2139 οόχ
643 2053 687 2131 ὥς
717 2051 815 2138 μητρὶ
838 2048 937 2133 μόνον
963 2053 1252 2127 καταπειδὲστατσς
1276 2044 1330 2136 ήν,
1352 2049 1441 2114 dit&

345 2164 408 2251 γάρ
442 2165 485 2240 σός
515 2163 638 2250 ἐξάρχηι
670 2160 836 2244 βασιλικῆς
866 2158 1040 2243 ἐπιστήμης
1069 2155 1169 2246 ταότη
1202 2167 1351 2242 προσεῖχε
1380 2156 1442 2221 τόν

346 2266 430 2336 votis.
471 2261 542 2355 ᾔδει
564 2262 626 2347 γάρ
650 2263 790 2344 άκριβιός
802 2260 839 2324 τό
859 2256 975 2342 ταύτης
992 2255 1046 2345 ἐφ’
1065 2255 1185 2324 ἅπασιν
1204 2259 1258 2324 ἐπὶ
1277 2258 1312 2324 τό
1329 2256 1440 2342 κράτι-

346 2387 422 2430 στον
442 2358 703 2448 συγκεχωρηκός,
737 2359 793 2424 καί
823 2354 873 2422 ότι
894 2355 1111 2444 διαφερόντως
1130 2354 1250 2436 πάντας
1268 2356 1344 2433 eosic
1366 2364 1442 2422 κατ’
1450 2371 1492 2411 2⁰

347 2464 447 2529 ε’κεῖνσ
467 2466 580 2546 καιροῦ
600 2457 766 2544 γεγονότας
796 2456 985 2542 άνθριόιισος
1006 2459 1052 2533 εἷς
1071 2455 1226 2544 φρόνησίν
1247 2480 1282 2524 τε
1301 2461 1360 2524 καί
1376 2457 1437 2523 σό-

348 2585 433 2628 νεσιν
454 2561 648 2648 πραγμάτων
665 2553 883 2641 όπερελσόνει.

423 2733 447 2768 ι.
465 2709 566 2766 ἑαυτοῦ
584 2711 624 2770 P,
641 2708 730 2779 ἑαυτῷ
748 2707 804 2760 CG·
900 2714 925 2764 3.
947 2711 1068 2771 ἐκείναις
1086 2712 1266 2784 κελευόμενος
1285 2709 1318 2763 G.
1407 2716 1436 2767 6.

417 2781 554 2838 τοσοῦτον
572 2779 627 2844 CG,
645 2779 762 2835 τοσοῦτο
780 2781 808 2831 Ρ.
859 2797 883 2848 7.
901 2786 933 2844 τῆ
951 2785 1056 2847 ἐκείνης
1074 2784 1178 2854 γλιλττη
1199 2784 1232 2834 G.
1245 2782 1300 2834 vid
1313 2791 1436 2836 annotat

421 2869 460 2904 sa.
481 2849 654 2906 astando.
730 2849 768 2918 ιή.
799 2847 943 2912 ‘comm
1017 2845 1239 2924 ι8.γάρ;καὶδ

349 3017 431 3080 atque
449 3009 509 3078 ipso
526 3007 602 3058 vultu
619 3005 784 3058 ostendebat
797 3002 967 3056 intuentibus
978 3005 1106 3058 virtutem
1123 3006 1176 3058 sibi
1194 3007 1303 3058 insitam
1321 3006 1438 3074 gravita-

349 3089 467 3150 temque.
491 3077 558 3138 sed,
577 3077 804 3146 quemadmodum
822 3075 893 3137 dixi,
912 3084 990 3144 pater
1013 3093 1087 3128 meus
1102 3078 1217 3146 irnperio
1233 3079 1358 3148 potitus,
1377 3079 1439 3145 ipse

348 3152 456 3203 iabores
473 3149 648 3216 sudoresque,
662 3149 819 3215 spectatrice
834 3153 926 3209 matre,
944 3147 1118 3215 perferendos
1137 3148 1242 3213 sumsit,
1259 3147 1329 3200 banc
1347 3156 1439 3198 autem

349 3222 486 3274 dominam
499 3218 642 3271 constituit
662 3226 689 3268 et
702 3217 778 3268 velut
795 3233 899 3280 servus,
919 3217 993 3287 quod
1010 3219 1059 3268 itta
1080 3217 1207 3283 iubebat,
1225 3227 1255 3271 et
1271 3217 1439 3288 loquebatur

350 3301 378 3346 et
390 3292 494 3360 agebat.
512 3287 643 3358 diligebat
653 3305 711 3338 eam
725 3289 871 3357 imperator
882 3288 978 3339 mirum
990 3289 1019 3339 in
1035 3289 1156 3353 modum,
1175 3297 1303 3359 totusque
1315 3307 1331 3340 e
1347 3289 1439 3340 consi-

350 3365 394 3414 iiis
422 3364 480 3414 eius
505 3359 657 3429 pendebat:
685 3358 753 3409 adeo
781 3359 872 3409 matris
890 3367 948 3409 erat
964 3375 1073 3410 amans:
1103 3359 1280 3430 dextramque
1298 3369 1439 3412 maternae

350 3435 458 3502 linguae
479 3431 619 3493 famulam,
642 3445 719 3480 aures
748 3446 843 3480 vocum
872 3430 946 3480 iilius
967 3430 1110 3482 audientes
1128 3447 1188 3482 esse
1206 3431 1335 3493 volebat,
1352 3439 1438 3501 atque

350 3507 377 3556 in
397 3501 522 3555 omnibus
544 3499 622 3552 rebus
641 3499 780 3550 annuebat
794 3500 839 3550 vel
858 3499 1005 3563 abnuebat,
1024 3517 1095 3568 quae
1113 3500 1223 3572 quidem
1238 3503 1286 3554 ilia
1305 3510 1440 3553 annueret

350 3577 523 3628 abnueretve.
542 3579 570 3622 et
589 3571 670 3639 piane
694 3572 731 3621 sic
748 3586 777 3621 ae
802 3587 843 3622 res
870 3569 1002 3622 babebat:
1022 3571 1070 3622 iile
1095 3575 1211 3641 speciem
1234 3573 1310 3641 regui
1329 3571 1441 3625 obtine·

348 3647 414 3709 bat,
440 3645 506 3695 haec
527 3657 638 3709 regnum
657 3641 754 3709 ipsuum
774 3641 821 3691 iiia
841 3641 912 3708 leges
929 3640 1028 3704 dabat,
1049 3641 1220 3710 gsdsernabat
1235 3651 1332 3695 cuncta
1350 3641 1442 3694 admi-

349 3715 552 3784 nistrabatque3
573 3711 616 3763 hic
627 3713 727 3781 placita
745 3711 812 3774 eius,
827 3711 884 3762 sive
896 3712 996 3780 scripta
1013 3712 1218 3777 subscribendo,
1231 3715 1354 3767 eirenen
1371 3715 1443 3765 scri·

350 3795 396 3856 ptn
416 3787 489 3838 vocis
507 3784 642 3851 suffragio,
661 3781 851 3845 confirmabat,
868 3788 913 3845 et,
932 3790 963 3834 ut
984 3785 1022 3835 ita
1040 3782 1143 3846 dicam,
1163 3787 1372 3841 instrumentum
1389 3784 1443 3835 im·

349 3857 419 3927 perii
438 3865 497 3907 erat
515 3855 601 3914 matri,
619 3870 675 3904 non
693 3854 849 3921 imperator.
885 3861 943 3904 sata
960 3856 1031 3906 enim
1048 3854 1169 3908 babebat
1185 3856 1285 3918 omnia,
1357 3872 1442 3906 ecun-

349 3942 404 3996 qus
421 3927 469 3977 ilia
490 3925 653 3977 decernebat
663 3932 691 3976 et
709 3923 860 3987 statuebat3
889 3940 980 3993 neque
997 3933 1028 3976 ut
1045 3927 1124 3978 matri
1141 3927 1229 3978 solum
1247 3926 1299 3978 obe
1322 3926 1443 3978 ientissi-

350 4013 409 4048 mus
427 4005 493 4060 erat,
511 4013 603 4047 verum
622 3995 703 4047 etiarn
724 4002 756 4047 ut
773 3993 901 4062 regnandi
920 3995 985 4047 artis
1003 3997 1147 4065 magistrae
1166 4005 1300 4050 attentum
1318 3999 1344 4048 ei
1361 4013 1442 4065 prae·

351 4066 436 4120 bebat
453 4069 584 4131 animuum
604 4065 706 4134 quippe
718 4065 760 4116 cui
779 4064 1025 4132 exploratissimum
1043 4075 1123 4130 esset,
1142 4067 1218 4120 iliam
1235 4069 1264 4120 in
1277 4068 1351 4120 omni
1365 4065 1443 4118 read

351 4153 481 4190 summanr
502 4137 697 4208 perfectionem
720 4137 876 4205 pervenisse
904 4142 932 4186 et
957 4137 1038 4202 ionga
1067 4155 1178 4204 ornnes,
1201 4140 1251 4211 qui
1277 4147 1343 4192 tnnc
1363 4145 1443 4190 aaut

353 4208 492 4274 homines,
520 4206 666 4280 prudentia
685 4213 714 4260 et
731 4223 820 4260 rerum
836 4206 935 4277 peritia
953 4208 1068 4263 anteire.
