3042 4909
316 1186 1091 1289 LUDOVtelscHOPEN1

537 1420 862 1531 enarrarre
911 1456 915 1462 ·

609 1662 800 1678 —uu—--t-

158 1861 298 2005 Quod
320 1907 368 1983 de
394 1934 499 2007 cura,
524 1911 563 1984 in
587 1911 662 1986 hoc
687 1936 800 2011 opere
821 1926 859 1984 et
878 1910 1112 1987 emendando
1134 1928 1172 1987 ct
1191 1915 1251 1989 in·

156 2033 334 2109 struendo
359 2060 382 2111 a
404 2062 466 2109 me
491 2036 624 2133 posita,
647 2038 726 2135 ipsa
748 2038 845 2109 rimi
874 2035 1136 2135 significatione
1161 2064 1251 2136 pro-

157 2158 270 2233 temus
287 2186 381 2255 aum,
403 2160 443 2235 id
467 2162 497 2233 ai
521 2161 587 2259 qui
612 2160 705 2233 sorte
727 2175 834 2234 erunt
856 2162 923 2260 qui
947 2161 1079 2235 certius
1103 2160 1250 2243 edoceri

157 2286 329 2382 cupiant:
348 2280 565 2357 'faciendum
598 2284 761 2379 ridetur,
791 2300 853 2381 ut,
886 2285 978 2384 quid
1010 2285 1103 2359 haec
1134 2284 1247 2359 editio

157 2432 275 2481 novae
298 2408 395 2482 dotis
416 2410 571 2504 habeat,
604 2422 641 2481 et
669 2410 805 2507 quibus
831 2410 1061 2507 potissimum
1095 2412 1249 2484 rehtma
1358 2470 1375 2481 ,

158 2532 321 2605 Parisina
346 2532 540 2630 discrepet,
563 2533 686 2631 paullo
710 2533 924 2631 explicatius
948 2533 1080 2607 dicam.

257 2657 297 2729 ln
323 2658 425 2730 omni
452 2658 559 2755 igitur
572 2658 790 2754 scriptorum
812 2678 983 2753 numero,
1007 2660 1073 2756 qui
1093 2684 1151 2732 res
1175 2663 1250 2731 lm-

157 2781 253 2877 perii
288 2782 443 2855 Romani
477 2782 670 2855 Orientalio
702 2780 919 2879 prodidere,
955 2781 1057 2855 haud
1088 2784 1165 2855 acio
1203 2808 1250 2856 au

158 2906 277 2979 nullus
310 2908 472 2980 criticam
501 2930 652 3005 operam
688 2909 810 2979 minus
840 2922 1007 3004 expertus
1039 2908 1105 3003 eit,
1137 2933 1250 3006 quam

158 3054 254 3127 quae
278 3032 452 3126 historia,
487 3032 526 3103 in
559 3030 704 3105 laudem
736 3031 847 3103 Alexii
886 3031 1073 3128 patrissui
1098 3032 1250 3129 scripta,

159 3156 342 3250 inclaruit,
368 3154 471 3229 Anna
496 3154 695 3229 Comuena.
755 3155 898 3227 Etenim
920 3156 1047 3227 Petrus
1067 3156 1251 3250 romnus,

158 3304 271 3376 quem
297 3294 440 3352 constat
469 3282 632 3377 primum
664 3306 706 3351 ac
726 3281 844 3351 solum
876 3279 1066 3376 hucusque
1092 3280 1252 3378 integros
1334 3356 1338 3364 ¹

156 3403 336 3475 Alexiadis
348 3405 462 3479 libros
487 3406 525 3477 in
541 3406 659 3477 lucem
686 3405 892 3503 protulisse,
912 3404 1004 3477 nihil
1021 3402 1120 3477 aliud
1137 3428 1248 3501 quam

159 3526 327 3601 codicem
352 3529 601 3601 Bibliothecae
619 3530 857 3622 Barberinae‚
884 3554 995 3626 quem
1019 3528 1142 3599 multis
1164 3554 1251 3625 par-

157 3652 255 3724 tibus
279 3654 393 3727 Lucas
406 3654 611 3726 Holstenius
633 3679 677 3725 ex
696 3652 862 3727 Mediceo
887 3654 1133 3749 suppleverat,
1159 3678 1252 3749 ope-

157 3776 208 3848 ris
233 3776 509 3849 exscribendum
536 3776 651 3871 dedit,
676 3802 723 3849 ne
749 3776 946 3849 manifestio
971 3774 1122 3873 quidem
1145 3789 1252 3848 nota·
1349 3826 1355 3835 -

159 3902 205 3973 tis
218 3904 434 3997 erroribus,
456 3902 595 4001 quippe
622 3903 686 4000 qui
713 3901 865 3975 editoris
890 3900 1036 3973 laudem
1059 3900 1183 3999 potius
1208 3925 1252 3971 ex

157 4026 369 4123 paraphrasi
405 4052 469 4099 sua
495 4028 620 4099 Latina
648 4039 801 4123 peteret
850 4024 952 4098 ldem
973 4038 1101 4123 postea
1125 4037 1253 4097 nactur

158 4162 213 4221 eat
238 4151 383 4249 copiam
409 4148 548 4225 codicis
570 4152 759 4247 Tolosani,
793 4150 859 4247 qui
882 4150 971 4224 olim
997 4148 1118 4222 lacobi
1144 4145 1251 4221 Cuia-
