3042 4909
319 328 443 389 xxxvl
715 325 832 387 Pb'llll
862 322 1016 388 Possm}

318 494 496 557 autoritatis
518 504 640 556 certum
663 494 779 557 habeta
800 492 849 555 vel
868 494 893 554 si
912 493 1065 575 probares
1086 492 1168 554 solus
1189 490 1428 553 damnantibus

319 604 435 665 eunetis
457 603 497 664 ad
522 604 621 664 famae
642 604 796 664 rationem
830 604 1029 684 fructumque
1050 601 1154 677 animi,
1174 622 1255 662 unus
1280 600 1365 659 mibi
1390 610 1429 661 tu

318 710 416 773 instar
430 711 569 789 millium,
582 712 678 771 instar
688 712 824 773 omnium
839 713 950 772 merito
961 711 1053 772 fores.
1076 710 1131 770 Sin
1147 715 1222 771 vero
1236 708 1429 791 repreben-

317 818 372 896 dis,
392 842 456 881 non
477 821 628 881 continuo
639 817 741 881 lusisse
760 842 810 880 me
829 840 957 903 operam
971 827 1025 878 aut
1043 818 1134 900 plane
1158 820 1239 879 votis
1264 816 1429 879 excidisse

320 926 478 989 iudicabo.
520 926 570 989 Ab
592 926 743 989 irretorta
763 927 872 988 mentis
895 926 945 1002 vi,
970 926 1007 985 ab
1032 926 1166 1008 aquilina
1188 924 1429 1006 intelligentiae

320 1034 372 1094 illa
394 1045 465 1095 tuae
485 1034 573 1109 acie,
598 1034 649 1095 eui
671 1034 776 1095 lucum
798 1030 898 1093 nullus
919 1033 1010 1093 color
1030 1033 1149 1110 faeere,
1171 1032 1254 1093 nulla
1277 1052 1315 1093 se
1340 1052 1427 1113 pro-

319 1143 396 1204 bare
417 1142 545 1203 mendax
565 1143 686 1225 gratia,
708 1140 791 1200 nulla
817 1140 942 1221 placere
971 1140 1029 1200 nisi
1060 1142 1128 1200 viva
1150 1143 1326 1222 nativaque
1350 1140 1428 1221 pul·

320 1248 466 1311 cbritudo
486 1260 612 1332 potest,
635 1248 674 1309 ad
698 1248 993 1329 indulgentissimam
1011 1249 1206 1310 elementiam
1225 1246 1427 1330 benignissi-

320 1378 388 1421 mae
417 1358 714 1439 humanissimaeque
738 1357 906 1419 voluntatis
935 1378 986 1419 me
1011 1358 1175 1439 recipiam3
1195 1358 1308 1440 ibique
1332 1357 1428 1439 asylo

320 1475 406 1528 tutus
434 1466 603 1528 certissimo
632 1485 716 1546 spem
737 1465 770 1524 in
791 1467 860 1525 sinu
886 1463 1007 1527 dulcem
1029 1466 1128 1542 alam,
1158 1467 1225 1526 lore
1258 1476 1298 1525 ut
1327 1463 1429 1525 venia

321 1572 488 1633 consoleris
511 1571 594 1655 quod
610 1574 803 1635 remunerari
825 1571 916 1634 laude
934 1573 1033 1633 minus
1052 1580 1160 1653 potes;
1179 1582 1210 1632 et
1233 1580 1323 1632 trans
1342 1570 1429 1632 vitia

321 1680 494 1741 ineruditae
512 1700 632 1755 manus,
655 1680 797 1743 benevoli
812 1684 947 1763 pectoris
969 1680 1070 1741 officio
1086 1680 1192 1763 agnito
1212 1700 1271 1740 neo
1293 1686 1426 1761 spreto,

322 1786 542 1869 quodcumque
564 1787 627 1849 hoo
648 1796 694 1851 est
716 1788 855 1871 quamvis
876 1786 996 1867 illepidi
1019 1786 1201 1864 munusculi,
1221 1806 1420 1852 monumen.

321 1902 389 1953 tum
410 1902 569 1957 aeternum
592 1916 653 1957 esse
675 1896 803 1978 patiaris
820 1898 883 1957 eius
906 1894 1120 1956 observantiae
1139 1916 1177 1955 ao
1200 1894 1422 1958 venerationis

325 2022 389 2083 qua
409 2010 441 2065 ta
461 2024 579 2066 summa
599 2004 1057 2087 verissimaqueprosequitur,

509 2140 765 2183 lbblld'l'klsss
795 2139 1073 2182 Auttttuntttt
1104 2138 1228 2195 TUAB,

445 2250 621 2317 scribebam
644 2256 773 2317 Tolosae
792 2254 845 2314 tlt.
865 2252 995 2326 Kalend,

411 2370 563 2455 Quintiles
582 2394 662 2435 armo
686 2368 932 2437 etolncxtlx.

733 2518 944 2583 Deditissimus
967 2518 1089 2580 Parrus
1121 2518 1269 2580 Pessinos

837 2657 855 2699 e
876 2635 1032 2701 Societate
1052 2638 1129 2698 lusu.

654 3297 1087 3362 LECTORI.

785 3470 821 3483 ..-
835 3472 972 3483 ..-......,.,

333 3586 414 3680 Nec
440 3622 535 3680 miror
560 3642 615 3683 nee
646 3624 785 3687 aemulor
815 3638 930 3687 mature
958 3624 1087 3687 disertos
1106 3626 1177 3687 illos
1195 3624 1249 3709 qui
1268 3622 1362 3684 libros
1382 3622 1417 3682 in

332 3723 477 3785 librorum
495 3727 653 3811 primitiis
667 3731 811 3807 faciunt,
833 3744 864 3791 et
892 3732 1071 3795 inexhausta
1088 3730 1275 3814 loquacitate
1299 3730 1416 3791 Prooe-

334 3832 462 3891 miorum
489 3834 591 3895 sedulo
611 3834 646 3895 td
663 3850 764 3917 agiva,
785 3850 817 3897 ut
833 3839 911 3899 oculi
927 3838 1035 3919 tegenti
1053 3838 1177 3901 doleant
1190 3841 1369 3923 priusquam
1391 3837 1417 3895 is

330 3938 466 4019 primum
484 3939 591 4023 Operis
609 3961 729 4003 uersum
748 3943 872 4005 viderit.
912 3944 981 4025 Ego
1000 3947 1055 4007 eibi
1065 3990 1075 4019 ‚
1098 3948 1149 4008 La
1160 3968 1203 4007 cr
1214 3967 1280 4022 oa,
1300 3944 1417 4027 quomi-

333 4066 387 4104 nus
408 4047 510 4105 statim
520 4050 645 4125 fruaris
664 4050 779 4112 tamdiu
809 4065 909 4135 optato
929 4053 1120 4131 Byzantinae
1142 4056 1331 4115 Caesarum
1351 4051 1416 4111 col-

334 4150 453 4235 loquio,
481 4173 601 4217 moram
641 4179 734 4221 uuam
765 4160 872 4222 obiicio
908 4164 992 4238 (nam
1024 4161 1207 4224 Glossarsiuu
1242 4161 1413 4232 Amatam,
