3042 4909
338 336 420 425 ιι6
670 352 809 421 auum
836 350 1062 421 commum

329 538 434 600 γματα
465 510 543 594 ἡμῖν
569 503 840 589 ολπομεμέρισται,
865 504 924 589 την
945 524 980 569 τε
1011 500 1137 587 γνῶμην
1166 501 1242 585 μίαν
1272 500 1330 567 καί
1349 501 1421 589 ’τὴν

331 612 433 697 αὐτὴν
453 604 548 674 εἶναι.
590 604 646 669 καί
664 600 764 678 οὕτως
784 602 876 686 ἡμῶν
895 602 1056 685 ἐχόντων,
1072 602 1272 668 ἀστασίαστα
1291 603 1333 667 δι’
1353 604 1420 683 οἶμ-

331 717 409 797 φοῖν
433 704 604 788 διεξάγοιτο
631 698 672 766 ῶν
698 701 741 765 roi
758 703 823 785 τῆς
841 703 1039 784 βασιλειάς.”
1089 702 1189 765 ταῦτα
1223 698 1253 765 oi
1271 704 1423 783 πρέσβεις

331 808 593 891 α’παγγειλαντες,
621 800 788 883 α’πόκρισιν
822 804 881 883 μὲν
903 800 1056 884 ου’τοτελῆ
1076 800 1250 884 τηνικαῦτα
1271 794 1329 863 oria
1347 800 1421 865 tte-

330 910 435 984 ξαντα.
477 906 519 990 τῇ
541 904 578 966 δέ
594 904 664 983 μετ’
677 897 781 983 ατλτῆν
800 895 1089 979 μετακαλεσάμευοι
1109 893 1248 979 τούτους,
1269 896 1324 962 διὰ
1341 897 1455 962 πολ-5

331 1008 398 1071 λῶν
431 1000 467 1067 τὸ
499 998 658 1066 ἀδύνατον
686 1004 749 1062 τῶν
769 994 857 1078 παρὰ
890 996 951 1061 τοῦ
982 1000 1187 1083 Μελισσηνοῦ
1214 1000 1420 1082 μηνοθέντων

330 1104 507 1168 ἐδείκνυον·
558 1097 598 1164 τὰ
629 1101 666 1161 δέ
683 1119 719 1180 γε
748 1098 895 1163 δοκοῦντα
932 1094 1057 1171 τούτοις
1090 1096 1123 1172 ές
1142 1100 1244 1161 νέωτα
1265 1097 1421 1181 γνωρίσαι

331 1203 439 1277 αιλτοῖς
460 1200 682 1283 ἐπηγγέλλοντο
702 1193 757 1260 tut
779 1198 810 1261 Γ
808 1198 941 1280 εωργίου
961 1198 1017 1261 τοῦ
1033 1198 1226 1275 καλουμένου
1245 1190 1419 1279 Μαγγολνη,

330 1291 357 1389 ᾧ
378 1303 433 1363 καί
452 1297 511 1381 τὴν
532 1298 638 1361 αιλτῶν
657 1294 833 1379 θεραπείαν
849 1292 1008 1359 ἀνέθεντο.
1049 1294 1170 1360 τούτων
1190 1288 1275 1359 οὕτω
1294 1296 1420 1377 γινομέ·

300 1417 412 1480 Βνοτν,
434 1391 509 1461 miii
528 1397 584 1478 τῆς
604 1398 787 1477 πολιορκίας
806 1392 1071 1481 κατερρριλλύμονν
1096 1393 1297 1459 παντάπασιν
1304 1439 1314 1474 ,
1334 1390 1418 1459 stlta}
1434 1416 1476 1459 ιο

329 1500 372 1563 δι’
393 1495 654 1580 ἀκροβολισμῶν,
681 1490 726 1565 ῶς
751 1491 843 1572 ἐνόν,
876 1496 942 1556 τῶν
973 1496 1086 1575 τειχῶν
1121 1492 1332 1577 ἀπεπειρῶντο
1362 1494 1421 1574 τῆς

328 1594 458 1669 πόλεως.
470 1596 511 1679 τῇ
524 1593 561 1656 δὲ
574 1595 649 1672 μετ’
663 1585 764 1672 αὐτην
779 1589 1067 1672 μετακαλεσάμενοι
1086 1588 1226 1669 τούτους,
1248 1590 1288 1655 ut
1309 1590 1421 1667 ου’τσῑς

327 1689 417 1759 εἶπον
452 1694 613 1757 δοκοῦντα.
663 1686 702 1755 τὰ
733 1691 769 1755 δὲ
790 1682 830 1772 ἦν
859 1692 1030 1773 τιμηθῆναι
1058 1686 1112 1755 τὸν
1142 1688 1348 1774 Μελιοσηνότ
1373 1692 1420 1778 τῷ

326 1795 387 1857 τοῦ
405 1790 558 1871 καίσαρος
579 1785 738 1869 α’ξιῶματι
758 1788 814 1851 καί
831 1788 965 1865 ταινίαις
979 1788 1154 1874 α’ξιωθῆναι
1172 1787 1227 1853 καί
1244 1786 1421 1874 είφημίαις

327 1888 385 1954 καί
403 1891 468 1954 τῶν
483 1882 598 1968 ῶλλοτν,
623 1881 687 1952 έσα
706 1890 753 1975 τῷ
773 1884 908 1976 τοιούτῳ
929 1883 1079 1971 προσήκει
1099 1883 1264 1969 α’ξιῶματι,
1285 1890 1419 1970 δοθῆναι
1433 1896 1474 1958 τ5

328 1990 366 2053 ut
386 1986 417 2053 oi
436 1986 493 2052 καί
508 1986 565 2070 την
586 1987 746 2051 Θετταλοῦ
766 1988 914 2070 μεγίστην
933 1982 1043 2068 πόλιν,
1064 1986 1098 2051 έν
1118 1978 1142 2073 ᾗ
1162 1990 1218 2051 καί
1237 1984 1253 2050 o‘
1275 1987 1322 2050 ἐπ’
1346 1984 1420 2050 ὄντ’-

328 2111 406 2169 ματι
426 2087 485 2152 τοῦ
503 2082 642 2168 μεγάλου
663 2086 827 2169 μάρτυρος
837 2086 1019 2169 Δημητρίου
1039 2082 1114 2161 ναὸς
1133 2083 1321 2170 περικαλλὴς
1341 2085 1420 2174 ηλκο-

330 2184 482 2270 δόμηται,
510 2181 590 2249 ὅπου
620 2181 676 2249 καὶ
704 2182 741 2248 τὸ
776 2179 879 2267 μύρον
906 2186 940 2249 έκ
964 2184 1022 2267 τῆς
1053 2182 1171 2249 ἐκείνου
1192 2186 1300 2264 τιμίας
1320 2186 1421 2267 sopori

327 2289 444 2369 βλύζον
465 2283 520 2349 rici
535 2285 684 2366 μεγίστας
704 2278 806 2359 λα’σεις
825 2290 890 2357 τοῖς
907 2279 988 2363 μετὰ
1012 2284 1333 2367 πίστεωςπροσιοῦσι
1356 2308 1420 2347 πα-

300 2388 430 2467 coepes.
484 2382 516 2447 oi
547 2383 584 2446 δέ
617 2382 877 2465 δυσχεραίνοντες
907 2380 961 2445 ἐπί
981 2378 1121 2462 τούτοις,
1149 2378 1220 2447 ἐπεὶ
1236 2383 1287 2468 s‘p’
1307 2374 1354 2457 οἷς
1371 2368 1472 2467 parim

327 2480 433 2567 ἔλεγον
455 2476 514 2546 miss
534 2479 752 2568 εἰσηκοῶοντο,
786 2472 895 2562 έῶροτν
915 2479 951 2545 tt
972 2476 1089 2564 πολλὴν
1107 2477 1165 2566 την
1184 2476 1264 2546 κατὰ
1285 2484 1339 2567 τῆς
1357 2480 1419 2545 πό.

401 2698 424 2735 τ.
440 2678 511 2753 ὑμῖν
527 2679 558 2731 Δ.
653 2678 747 2761 σκιαί
763 2676 825 2766 epid.
843 2678 876 2731 G.
965 2680 990 2730 3.
1010 2680 1136 2751 ίξιίγοιτο
1156 2678 1210 2730 CG.
1297 2680 1323 2748 4.
1342 2678 1420 2734 τίπό-

397 2747 946 2891 t?‘ttyt‘b'lt‘tltttlalana,
964 2752 1056 2871 lul?
1081 2754 1171 2871 '‘wsi‘.
1190 2750 1420 2893 litltlsstsfil:

398 2906 449 2948 νος
467 2888 520 2940 CG.
620 2888 735 2949 τούτους
753 2906 804 2941 orn.
824 2888 866 2953 G,
885 2886 950 2951 τοὺς
967 2896 1096 2961 πρέσβεις
1113 2890 1142 2941 Α.
1234 2894 1272 2961 ¹4·
1292 2892 1352 2960 lege
1370 2896 1421 2945 καὶ

396 2964 506 3020 ταινίας
522 2956 680 3026 ἀξιωθῆναι
687 2964 743 3043 ικαί
758 2959 906 3031 εὐφημίας.
975 2966 1013 3019 ιδ.
1031 2966 1125 3032 τιμίας
1141 2959 1236 3015 adrl.C
1252 2962 1327 3015 etin
1346 2978 1419 3015 naar-

398 3030 462 3099 gina
476 3030 504 3082 P.
599 3044 643 3083 ao.
658 3049 697 3102 μη
715 3049 722 3082 τ
737 3030 798 3101 lege
813 3032 875 3105 μέν.

332 3231 413 3284 simul
431 3247 491 3283 cum
508 3229 704 3282 nomineillius
716 3236 843 3294 vestrum,
861 3230 905 3281 cui
930 3230 1072 3301 imperium
1093 3232 1238 3297 deseretur,
1255 3231 1418 3286 renuntiato.

332 3303 417 3353 itaet
436 3301 591 3353 acclamatio
618 3302 766 3352 communis
787 3300 835 3353 liet
851 3309 879 3353 et
896 3300 970 3365 licet,
998 3301 1066 3353 locis
1084 3304 1254 3373 negotiisque
1272 3303 1419 3366 disiuncti,

332 3374 421 3423 animo
440 3379 532 3425 tamen
554 3386 609 3422 uno
628 3370 780 3439 eodemque
804 3372 900 3423 erimus
918 3388 948 3422 ac
968 3390 1069 3423 autumn
1092 3390 1157 3442 pace
1174 3392 1190 3424 a
1208 3374 1314 3427 duobus
1331 3375 1420 3443 impe-

333 3444 401 3493 rium
419 3441 676 3493 administrabitur.”
698 3441 766 3493 haec
782 3460 841 3493 cum
858 3442 938 3509 legati
965 3443 1137 3507 retulissent,
1157 3442 1228 3495 nihil
1244 3446 1272 3496 in
1289 3462 1421 3514 praesen·

333 3515 400 3564 certi
413 3528 578 3580 responsum.
591 3510 721 3580 postridie
734 3513 768 3563 iis
782 3513 924 3577 arcessitis,
934 3512 1063 3564 comneni
1077 3514 1170 3566 multis
1180 3514 1279 3579 serbis,
1298 3532 1330 3566 ea
1348 3532 1420 3584 quae

333 3583 495 3634 Melissenua
519 3581 721 3650 proposuisset,
750 3582 809 3634 fieri
836 3600 891 3635 non
920 3599 1014 3652 posse,
1042 3584 1275 3651 demonstrarunt3
1302 3593 1420 3637 ceterum

334 3654 402 3721 quid
419 3651 524 3703 consilii
542 3652 577 3701 de
594 3667 627 3701 ea
644 3667 673 3702 re
691 3653 839 3721 cepissent,
864 3653 938 3705 brevi
956 3654 1021 3722 ipsis
1047 3654 1194 3707 indicatum
1213 3658 1247 3706 iri
1266 3673 1315 3725 per
1333 3656 1421 3707 Geor-

335 3724 406 3789 gium
424 3724 583 3791 Mangauem
606 3724 782 3790 cognomine,
804 3724 848 3774 eui
865 3724 1013 3791 legatorum
1031 3742 1140 3795 quoqne
1160 3743 1251 3777 curam
1272 3726 1423 3777 demanda-

335 3802 438 3847 verunt.
456 3794 529 3846 inter
541 3808 611 3862 quae
629 3810 681 3844 nec
698 3792 774 3844 urbis
793 3795 1021 3863 oppugnationem
1039 3795 1212 3863 negligebant
1227 3798 1353 3859 omniuo,
1371 3795 1421 3849 sed

336 3862 556 3926 velitationibus,
573 3872 704 3932 quantum
720 3872 854 3933 poterant,
871 3882 959 3917 muros
977 3866 1126 3919 tentabant
1142 3876 1251 3936 postero
1269 3876 1359 3919 autem
1374 3866 1420 3918 rlie

340 3931 539 3985 arcessiserunt'
548 3950 593 3985 eos
611 3932 718 4002 etquid
730 3932 783 3984 sibi
794 3935 946 4003 placuisset,
965 3935 1122 3989 docuerunt
1136 3938 1249 3989 caesuris
1260 3936 1420 4005 (lignitatem

338 4009 368 4052 et
383 4004 501 4053 maniam
518 4013 548 4055 et
571 4004 792 4056 acclamationem
823 4014 852 4057 et
880 4007 928 4076 qui
946 4007 1043 4076 reliqui
1070 4008 1127 4059 eiua
1147 4007 1287 4075 dignitatis
1305 4008 1421 4059 bonores

339 4079 447 4131 essent,
465 4072 609 4126 Melisseno
628 4092 657 4126 ae
673 4074 844 4139 concedere;
861 4084 999 4144 praeterea
1018 4076 1166 4129 attribuere
1183 4096 1211 4129 se
1228 4080 1315 4130 eirlem
1333 4078 1421 4130 'l'laes-

340 4142 484 4193 salonicam
497 4143 591 4195 urbem
606 4145 755 4204 maximam,
772 4147 801 4196 in
818 4162 872 4215 qua
890 4149 969 4198 etiam
991 4150 1215 4217 praestantissima
1226 4148 1307 4201 aedes
1324 4150 1352 4199 iu
1370 4166 1423 4200 no·

339 4215 413 4266 miae
430 4214 520 4278 magni
537 4218 661 4283 martyria
673 4216 804 4269 Demetrii
817 4215 926 4271 condita
944 4227 995 4281 est,
1012 4218 1058 4269 ubi
1076 4228 1255 4288 unguentum,
1276 4236 1290 4273 e
1309 4236 1422 4275 venere-
