<?xml version="1.0" encoding="UTF-8"?>
<!DOCTYPE html PUBLIC "-//W3C//DTD XHTML 1.0 Transitional//EN"
    "http://www.w3.org/TR/xhtml1/DTD/xhtml1-transitional.dtd">
<html xmlns="http://www.w3.org/1999/xhtml" xml:lang="en" lang="en">
 <head>
  <title>
</title>
<meta http-equiv="Content-Type" content="text/html;charset=utf-8" />
  <meta name='ocr-system' content='tesseract 3.04.00' />
  <meta name='ocr-capabilities' content='ocr_page ocr_carea ocr_par ocr_line ocrx_word'/>
</head>
<body>
  <div class='ocr_page' id='page_1' title='image "./corpusscriptoru63theogoog/corpusscriptoru63theogoog_0355.png"; bbox 0 0 3042 4909; ppageno 0'>
   <div class='ocr_carea' id='block_1_1' title="bbox 505 336 1288 425">
    <p class='ocr_par' dir='ltr' id='par_1_1' title="bbox 505 336 1288 425">
     <span class='ocr_line' id='line_1_1' title="bbox 505 336 1288 425; baseline -0.008 -26"><span class='ocrx_word' id='word_1_1' title='bbox 505 336 717 399; x_wconf 74' lang='lat' dir='ltr'>maxinme</span> <span class='ocrx_word' id='word_1_2' title='bbox 745 338 890 399; x_wconf 74' lang='lat' dir='ltr'>cmvi</span> <span class='ocrx_word' id='word_1_3' title='bbox 918 341 951 406; x_wconf 78' lang='grc' dir='ltr'><strong><em>ε.</em></strong></span> <span class='ocrx_word' id='word_1_4' title='bbox 1208 338 1288 425; x_wconf 81' lang='lat'>297</span> 
     </span>
    </p>
   </div>
   <div class='ocr_carea' id='block_1_2' title="bbox 164 486 1396 2456">
    <p class='ocr_par' dir='ltr' id='par_1_2' title="bbox 164 486 1396 2456">
     <span class='ocr_line' id='line_1_2' title="bbox 210 486 1293 571; baseline 0 -18"><span class='ocrx_word' id='word_1_5' title='bbox 210 490 273 554; x_wconf 75' lang='grc' dir='ltr'>τῶν</span> <span class='ocrx_word' id='word_1_6' title='bbox 293 490 329 553; x_wconf 80' lang='grc' dir='ltr'><strong><em>δέ</em></strong></span> <span class='ocrx_word' id='word_1_7' title='bbox 345 510 438 553; x_wconf 89' lang='grc' dir='ltr'><strong><em>τινων</em></strong></span> <span class='ocrx_word' id='word_1_8' title='bbox 466 486 691 569; x_wconf 73' lang='grc' dir='ltr'><strong><em>παρελθουσῶν</em></strong></span> <span class='ocrx_word' id='word_1_9' title='bbox 710 486 859 571; x_wconf 71' lang='grc' dir='ltr'><strong><em>η’μερυῖν,</em></strong></span> <span class='ocrx_word' id='word_1_10' title='bbox 884 487 1020 571; x_wconf 77' lang='grc' dir='ltr'><strong><em>ατδφους</em></strong></span> <span class='ocrx_word' id='word_1_11' title='bbox 1047 488 1127 569; x_wconf 66' lang='lat' dir='ltr'>seipsi</span> <span class='ocrx_word' id='word_1_12' title='bbox 1150 488 1293 566; x_wconf 78' lang='grc' dir='ltr'><strong><em>α’ξιοῦσεν</em></strong></span> 
     </span>
     <span class='ocr_line' id='line_1_3' title="bbox 210 582 1293 670; baseline -0.002 -19"><span class='ocrx_word' id='word_1_13' title='bbox 210 588 240 653; x_wconf 85' lang='lat' dir='ltr'>oi</span> <span class='ocrx_word' id='word_1_14' title='bbox 262 596 361 670; x_wconf 83' lang='grc' dir='ltr'><strong><em>γονεῖς</em></strong></span> <span class='ocrx_word' id='word_1_15' title='bbox 384 588 440 651; x_wconf 84' lang='grc' dir='ltr'><strong><em>καί</em></strong></span> <span class='ocrx_word' id='word_1_16' title='bbox 455 586 619 667; x_wconf 79' lang='grc' dir='ltr'><strong><em>βασιλικοῦ</em></strong></span> <span class='ocrx_word' id='word_1_17' title='bbox 642 582 844 668; x_wconf 69' lang='grc' dir='ltr'><strong><em>διαδήματος.</em></strong></span> <span class='ocrx_word' id='word_1_18' title='bbox 894 585 964 650; x_wconf 70' lang='grc' dir='ltr'><strong><em>ἐπεὶ</em></strong></span> <span class='ocrx_word' id='word_1_19' title='bbox 979 588 1025 667; x_wconf 73' lang='grc' dir='ltr'>δέ,</span> <span class='ocrx_word' id='word_1_20' title='bbox 1047 588 1293 652; x_wconf 77' lang='grc' dir='ltr'><strong><em>Κωνσταντδνου</em></strong></span> 
     </span>
     <span class='ocr_line' id='line_1_4' title="bbox 210 674 1293 769; baseline -0.002 -18"><span class='ocrx_word' id='word_1_21' title='bbox 210 690 266 751; x_wconf 81' lang='grc' dir='ltr'>τοῦ</span> <span class='ocrx_word' id='word_1_22' title='bbox 285 684 359 749; x_wconf 81' lang='lat' dir='ltr'>vicii</span> <span class='ocrx_word' id='word_1_23' title='bbox 377 688 436 748; x_wconf 82' lang='lat' dir='ltr'>rori</span> <span class='ocrx_word' id='word_1_24' title='bbox 454 683 774 768; x_wconf 77' lang='grc' dir='ltr'><strong><em>προβεβασιλευκότος</em></strong></span> <span class='ocrx_word' id='word_1_25' title='bbox 786 682 924 768; x_wconf 53' lang='lat' dir='ltr'>Milesii</span> <span class='ocrx_word' id='word_1_26' title='bbox 945 684 1141 766; x_wconf 80' lang='grc' dir='ltr'><strong><em>τοδΔοόκα,</em></strong></span> <span class='ocrx_word' id='word_1_27' title='bbox 1162 687 1236 769; x_wconf 78' lang='grc' dir='ltr'><strong><em>περὶ</em></strong></span> <span class='ocrx_word' id='word_1_28' title='bbox 1254 674 1293 749; x_wconf 77' lang='grc' dir='ltr'>οὗ</span> 
     </span>
     <span class='ocr_line' id='line_1_5' title="bbox 210 779 1294 871; baseline 0 -23"><span class='ocrx_word' id='word_1_29' title='bbox 210 781 358 859; x_wconf 76' lang='grc' dir='ltr'>πολλάκις</span> <span class='ocrx_word' id='word_1_30' title='bbox 379 780 396 848; x_wconf 85' lang='grc' dir='ltr'><strong><em>δ</em></strong></span> <span class='ocrx_word' id='word_1_31' title='bbox 414 779 505 865; x_wconf 90' lang='grc' dir='ltr'><strong><em>λόγος</em></strong></span> <span class='ocrx_word' id='word_1_32' title='bbox 525 780 677 865; x_wconf 72' lang='grc' dir='ltr'><strong><em>ἐμνήσθη,</em></strong></span> <span class='ocrx_word' id='word_1_33' title='bbox 700 782 987 864; x_wconf 72' lang='grc' dir='ltr'><strong><em>συμβασιλεύοντος</em></strong></span> <span class='ocrx_word' id='word_1_34' title='bbox 1006 780 1054 849; x_wconf 78' lang='grc' dir='ltr'>ἔτι</span> <span class='ocrx_word' id='word_1_35' title='bbox 1073 786 1116 871; x_wconf 70' lang='grc' dir='ltr'>τῷ</span> <span class='ocrx_word' id='word_1_36' title='bbox 1136 782 1294 866; x_wconf 82' lang='grc' dir='ltr'><strong><em>αδτοκρά·</em></strong></span> 
     </span>
     <span class='ocr_line' id='line_1_6' title="bbox 184 878 1323 969; baseline 0 -24"><span class='ocrx_word' id='word_1_37' title='bbox 184 888 280 969; x_wconf 83' lang='grc' dir='ltr'><strong><em>5τορι</em></strong></span> <span class='ocrx_word' id='word_1_38' title='bbox 303 886 359 949; x_wconf 74' lang='grc' dir='ltr'><strong><em>κατ’</em></strong></span> <span class='ocrx_word' id='word_1_39' title='bbox 384 882 450 969; x_wconf 67' lang='lat' dir='ltr'>cippi</span> <span class='ocrx_word' id='word_1_40' title='bbox 481 878 577 962; x_wconf 81' lang='grc' dir='ltr'><strong><em>πατρί</em></strong></span> <span class='ocrx_word' id='word_1_41' title='bbox 603 880 662 944; x_wconf 83' lang='grc' dir='ltr'>κάν</span> <span class='ocrx_word' id='word_1_42' title='bbox 681 888 751 956; x_wconf 77' lang='grc' dir='ltr'><strong><em>ταῖς</em></strong></span> <span class='ocrx_word' id='word_1_43' title='bbox 773 884 907 966; x_wconf 81' lang='grc' dir='ltr'><strong><em>δωρεαῖς</em></strong></span> <span class='ocrx_word' id='word_1_44' title='bbox 927 884 968 947; x_wconf 81' lang='grc' dir='ltr'>δι’</span> <span class='ocrx_word' id='word_1_45' title='bbox 991 884 1138 965; x_wconf 72' lang='grc' dir='ltr'><strong><em>δρυδρυῖν</em></strong></span> <span class='ocrx_word' id='word_1_46' title='bbox 1157 898 1323 952; x_wconf 69' lang='grc' dir='ltr'><strong><em>συνυπο-(ζ</em></strong></span> 
     </span>
     <span class='ocr_line' id='line_1_7' title="bbox 209 977 1292 1067; baseline 0.002 -22"><span class='ocrx_word' id='word_1_47' title='bbox 209 979 384 1067; x_wconf 85' lang='grc' dir='ltr'><strong><em>γράφοντος</em></strong></span> <span class='ocrx_word' id='word_1_48' title='bbox 403 977 503 1067; x_wconf 76' lang='grc' dir='ltr'><strong><em>τούτῳ</em></strong></span> <span class='ocrx_word' id='word_1_49' title='bbox 520 979 580 1044; x_wconf 83' lang='grc' dir='ltr'>κάν</span> <span class='ocrx_word' id='word_1_50' title='bbox 590 989 659 1054; x_wconf 86' lang='grc' dir='ltr'><strong><em>τοῖς</em></strong></span> <span class='ocrx_word' id='word_1_51' title='bbox 673 989 876 1064; x_wconf 77' lang='grc' dir='ltr'><strong><em>προπομπαῖς</em></strong></span> <span class='ocrx_word' id='word_1_52' title='bbox 888 979 970 1064; x_wconf 84' lang='grc' dir='ltr'><strong><em>μετά</em></strong></span> <span class='ocrx_word' id='word_1_53' title='bbox 985 981 1099 1065; x_wconf 85' lang='grc' dir='ltr'><strong><em>τιάρας</em></strong></span> <span class='ocrx_word' id='word_1_54' title='bbox 1113 981 1199 1067; x_wconf 75' lang='lat' dir='ltr'>crispi</span> <span class='ocrx_word' id='word_1_55' title='bbox 1218 1004 1292 1047; x_wconf 78' lang='grc' dir='ltr'><strong><em>συν·</em></strong></span> 
     </span>
     <span class='ocr_line' id='line_1_8' title="bbox 209 1065 1296 1169; baseline -0.001 -23"><span class='ocrx_word' id='word_1_56' title='bbox 209 1082 404 1169; x_wconf 83' lang='grc' dir='ltr'><strong><em>εφεπομένου</em></strong></span> <span class='ocrx_word' id='word_1_57' title='bbox 439 1081 499 1143; x_wconf 83' lang='grc' dir='ltr'>κάν</span> <span class='ocrx_word' id='word_1_58' title='bbox 532 1088 601 1155; x_wconf 83' lang='grc' dir='ltr'><strong><em>ταῖς</em></strong></span> <span class='ocrx_word' id='word_1_59' title='bbox 636 1065 811 1165; x_wconf 73' lang='grc' dir='ltr'><strong><em>εόφημάαις</em></strong></span> <span class='ocrx_word' id='word_1_60' title='bbox 844 1081 993 1164; x_wconf 78' lang='grc' dir='ltr'><strong><em>δευτέρου</em></strong></span> <span class='ocrx_word' id='word_1_61' title='bbox 1029 1084 1296 1167; x_wconf 77' lang='grc' dir='ltr'><strong><em>εδφημουμένυυ,</em></strong></span> 
     </span>
     <span class='ocr_line' id='line_1_9' title="bbox 210 1174 1297 1264; baseline 0.001 -20"><span class='ocrx_word' id='word_1_62' title='bbox 210 1175 296 1264; x_wconf 68' lang='lat' dir='ltr'>adyto*</span> <span class='ocrx_word' id='word_1_63' title='bbox 329 1176 545 1264; x_wconf 81' lang='grc' dir='ltr'><strong><em>εδφημεῖσδαι</em></strong></span> <span class='ocrx_word' id='word_1_64' title='bbox 572 1175 723 1260; x_wconf 80' lang='grc' dir='ltr'><strong><em>ἔμελλον,</em></strong></span> <span class='ocrx_word' id='word_1_65' title='bbox 757 1183 1000 1245; x_wconf 82' lang='grc' dir='ltr'><strong><em>Κωνσταντῖνον</em></strong></span> <span class='ocrx_word' id='word_1_66' title='bbox 1039 1180 1093 1247; x_wconf 77' lang='grc' dir='ltr'><strong><em>κατ’</em></strong></span> <span class='ocrx_word' id='word_1_67' title='bbox 1119 1174 1236 1248; x_wconf 72' lang='grc' dir='ltr'><strong><em>’Λνναν</em></strong></span> <span class='ocrx_word' id='word_1_68' title='bbox 1259 1183 1297 1245; x_wconf 68' lang='grc' dir='ltr'>ἐν</span> 
     </span>
     <span class='ocr_line' id='line_1_10' title="bbox 210 1273 1297 1367; baseline -0.002 -22"><span class='ocrx_word' id='word_1_69' title='bbox 210 1274 317 1367; x_wconf 71' lang='lat' dir='ltr'>scirpi</span> <span class='ocrx_word' id='word_1_70' title='bbox 336 1273 514 1363; x_wconf 76' lang='grc' dir='ltr'><strong><em>ἐξεφάνουν</em></strong></span> <span class='ocrx_word' id='word_1_71' title='bbox 534 1278 568 1342; x_wconf 77' lang='grc' dir='ltr'>όν</span> <span class='ocrx_word' id='word_1_72' title='bbox 587 1284 653 1353; x_wconf 76' lang='grc' dir='ltr'><strong><em>τοῖς</em></strong></span> <span class='ocrx_word' id='word_1_73' title='bbox 671 1281 727 1361; x_wconf 79' lang='grc' dir='ltr'>τῆς</span> <span class='ocrx_word' id='word_1_74' title='bbox 747 1279 909 1365; x_wconf 77' lang='grc' dir='ltr'><strong><em>εδφημίας</em></strong></span> <span class='ocrx_word' id='word_1_75' title='bbox 928 1288 1051 1362; x_wconf 81' lang='grc' dir='ltr'><strong><em>καιροῖς</em></strong></span> <span class='ocrx_word' id='word_1_76' title='bbox 1069 1278 1100 1345; x_wconf 90' lang='lat' dir='ltr'>oi</span> <span class='ocrx_word' id='word_1_77' title='bbox 1119 1282 1177 1364; x_wconf 78' lang='grc' dir='ltr'>τῆς</span> <span class='ocrx_word' id='word_1_78' title='bbox 1195 1274 1297 1365; x_wconf 74' lang='lat' dir='ltr'>adpop-</span> 
     </span>
     <span class='ocr_line' id='line_1_11' title="bbox 165 1375 1295 1465; baseline 0 -22"><span class='ocrx_word' id='word_1_79' title='bbox 165 1382 287 1460; x_wconf 75' lang='grc' dir='ltr'><strong><em>τομίας</em></strong></span> <span class='ocrx_word' id='word_1_80' title='bbox 307 1375 563 1463; x_wconf 85' lang='grc' dir='ltr'><strong><em>προεξάρχοντες.</em></strong></span> <span class='ocrx_word' id='word_1_81' title='bbox 603 1379 659 1441; x_wconf 84' lang='grc' dir='ltr'><strong><em>καί</em></strong></span> <span class='ocrx_word' id='word_1_82' title='bbox 678 1381 771 1442; x_wconf 81' lang='grc' dir='ltr'><strong><em>τοῦτο</em></strong></span> <span class='ocrx_word' id='word_1_83' title='bbox 783 1378 823 1463; x_wconf 71' lang='grc' dir='ltr'>δη</span> <span class='ocrx_word' id='word_1_84' title='bbox 842 1380 940 1462; x_wconf 56' lang='grc' dir='ltr'><strong><em>μέχρι</em></strong></span> <span class='ocrx_word' id='word_1_85' title='bbox 956 1381 1074 1465; x_wconf 73' lang='lat' dir='ltr'>scepsis</span> <span class='ocrx_word' id='word_1_86' title='bbox 1092 1378 1208 1445; x_wconf 75' lang='grc' dir='ltr'><strong><em>ἱκανῶν</em></strong></span> <span class='ocrx_word' id='word_1_87' title='bbox 1227 1382 1295 1445; x_wconf 83' lang='grc' dir='ltr'><strong><em>ε’τε-</em></strong></span> 
     </span>
     <span class='ocr_line' id='line_1_12' title="bbox 211 1474 1296 1565; baseline 0 -22"><span class='ocrx_word' id='word_1_88' title='bbox 211 1484 304 1560; x_wconf 74' lang='lat' dir='ltr'>istro,</span> <span class='ocrx_word' id='word_1_89' title='bbox 324 1474 368 1553; x_wconf 78' lang='grc' dir='ltr'><strong><em>άς</em></strong></span> <span class='ocrx_word' id='word_1_90' title='bbox 387 1479 423 1559; x_wconf 79' lang='grc' dir='ltr'>γέ</span> <span class='ocrx_word' id='word_1_91' title='bbox 431 1497 488 1558; x_wconf 92' lang='grc' dir='ltr'><strong><em>μοι</em></strong></span> <span class='ocrx_word' id='word_1_92' title='bbox 509 1480 573 1542; x_wconf 73' lang='grc' dir='ltr'><strong><em>τοῖν</em></strong></span> <span class='ocrx_word' id='word_1_93' title='bbox 593 1480 750 1559; x_wconf 70' lang='grc' dir='ltr'><strong><em>συγγενῶν</em></strong></span> <span class='ocrx_word' id='word_1_94' title='bbox 767 1476 826 1541; x_wconf 72' lang='grc' dir='ltr'><strong><em>κατ’</em></strong></span> <span class='ocrx_word' id='word_1_95' title='bbox 844 1480 929 1559; x_wconf 73' lang='grc' dir='ltr'><strong><em>δμῶε</em></strong></span> <span class='ocrx_word' id='word_1_96' title='bbox 941 1476 1134 1565; x_wconf 71' lang='grc' dir='ltr'><strong><em>γεννητόρων</em></strong></span> <span class='ocrx_word' id='word_1_97' title='bbox 1151 1482 1187 1544; x_wconf 76' lang='grc' dir='ltr'>ἐν</span> <span class='ocrx_word' id='word_1_98' title='bbox 1206 1478 1296 1543; x_wconf 74' lang='lat' dir='ltr'>insi-</span> 
     </span>
     <span class='ocr_line' id='line_1_13' title="bbox 210 1569 1314 1662; baseline 0.002 -22"><span class='ocrx_word' id='word_1_99' title='bbox 210 1598 281 1661; x_wconf 88' lang='grc' dir='ltr'><strong><em>ρως</em></strong></span> <span class='ocrx_word' id='word_1_100' title='bbox 296 1573 451 1652; x_wconf 73' lang='grc' dir='ltr'><strong><em>’πολλάκις</em></strong></span> <span class='ocrx_word' id='word_1_101' title='bbox 483 1577 695 1660; x_wconf 71' lang='grc' dir='ltr'><strong><em>διηγουμένων</em></strong></span> <span class='ocrx_word' id='word_1_102' title='bbox 721 1569 852 1662; x_wconf 78' lang='grc' dir='ltr'><strong><em>άκὴκοα.</em></strong></span> <span class='ocrx_word' id='word_1_103' title='bbox 906 1575 1133 1662; x_wconf 86' lang='grc' dir='ltr'><strong><em>προμάντευμα</em></strong></span> <span class='ocrx_word' id='word_1_104' title='bbox 1165 1581 1201 1644; x_wconf 81' lang='grc' dir='ltr'>δὲ</span> <span class='ocrx_word' id='word_1_105' title='bbox 1219 1576 1314 1655; x_wconf 81' lang='grc' dir='ltr'><strong><em>ἴσως.</em></strong></span> 
     </span>
     <span class='ocr_line' id='line_1_14' title="bbox 213 1666 1297 1762; baseline 0.001 -22"><span class='ocrx_word' id='word_1_106' title='bbox 213 1674 305 1740; x_wconf 77' lang='grc' dir='ltr'><strong><em>τοῦτο</em></strong></span> <span class='ocrx_word' id='word_1_107' title='bbox 325 1676 389 1739; x_wconf 75' lang='grc' dir='ltr'><strong><em>τοῖν</em></strong></span> <span class='ocrx_word' id='word_1_108' title='bbox 408 1674 482 1755; x_wconf 82' lang='grc' dir='ltr'><strong><em>ε’μοῐ</em></strong></span> <span class='ocrx_word' id='word_1_109' title='bbox 493 1670 712 1755; x_wconf 73' lang='grc' dir='ltr'><strong><em>ξυμπινόντων</em></strong></span> <span class='ocrx_word' id='word_1_110' title='bbox 725 1666 766 1759; x_wconf 85' lang='grc' dir='ltr'>ἧν</span> <span class='ocrx_word' id='word_1_111' title='bbox 784 1672 848 1741; x_wconf 85' lang='grc' dir='ltr'><strong><em>εἴτε</em></strong></span> <span class='ocrx_word' id='word_1_112' title='bbox 858 1678 1096 1762; x_wconf 75' lang='grc' dir='ltr'><strong><em>εδτυχημάτων,</em></strong></span> <span class='ocrx_word' id='word_1_113' title='bbox 1115 1674 1179 1745; x_wconf 78' lang='grc' dir='ltr'><strong><em>εἴτε</em></strong></span> <span class='ocrx_word' id='word_1_114' title='bbox 1198 1670 1297 1761; x_wconf 76' lang='grc' dir='ltr'><strong><em>τοῦμ-</em></strong></span> 
     </span>
     <span class='ocr_line' id='line_1_15' title="bbox 210 1772 1328 1861; baseline 0.004 -22"><span class='ocrx_word' id='word_1_115' title='bbox 210 1781 306 1840; x_wconf 86' lang='grc' dir='ltr'><strong><em>παλιν</em></strong></span> <span class='ocrx_word' id='word_1_116' title='bbox 327 1772 586 1859; x_wconf 80' lang='grc' dir='ltr'><strong><em>δυστυχημάτων.</em></strong></span> <span class='ocrx_word' id='word_1_117' title='bbox 639 1773 710 1841; x_wconf 79' lang='grc' dir='ltr'><strong><em>ἐπεὶ</em></strong></span> <span class='ocrx_word' id='word_1_118' title='bbox 729 1777 766 1840; x_wconf 80' lang='grc' dir='ltr'>δὲ</span> <span class='ocrx_word' id='word_1_119' title='bbox 792 1782 858 1852; x_wconf 79' lang='grc' dir='ltr'><strong><em>τοῖς</em></strong></span> <span class='ocrx_word' id='word_1_120' title='bbox 882 1778 1050 1857; x_wconf 77' lang='grc' dir='ltr'><strong><em>βασιλεῦσι</em></strong></span> <span class='ocrx_word' id='word_1_121' title='bbox 1072 1781 1129 1841; x_wconf 74' lang='grc' dir='ltr'><strong><em>κατ’</em></strong></span> <span class='ocrx_word' id='word_1_122' title='bbox 1147 1776 1328 1861; x_wconf 79' lang='grc' dir='ltr'><strong><em>δεάτεροευ</em></strong></span> 
     </span>
     <span class='ocr_line' id='line_1_16' title="bbox 167 1868 1396 1961; baseline 0.002 -19"><span class='ocrx_word' id='word_1_123' title='bbox 167 1876 329 1959; x_wconf 73' lang='grc' dir='ltr'><strong><em>ιὸἒτδχθη</em></strong></span> <span class='ocrx_word' id='word_1_124' title='bbox 346 1876 450 1960; x_wconf 76' lang='grc' dir='ltr'><strong><em>θῆλυ,</em></strong></span> <span class='ocrx_word' id='word_1_125' title='bbox 474 1874 636 1960; x_wconf 77' lang='grc' dir='ltr'><strong><em>α’ναφέρον</em></strong></span> <span class='ocrx_word' id='word_1_126' title='bbox 655 1876 716 1955; x_wconf 82' lang='grc' dir='ltr'><strong><em>μδν</em></strong></span> <span class='ocrx_word' id='word_1_127' title='bbox 742 1874 823 1939; x_wconf 85' lang='grc' dir='ltr'><strong><em>ιιατά</em></strong></span> <span class='ocrx_word' id='word_1_128' title='bbox 845 1872 901 1959; x_wconf 76' lang='grc' dir='ltr'>την</span> <span class='ocrx_word' id='word_1_129' title='bbox 921 1868 999 1960; x_wconf 81' lang='grc' dir='ltr'><strong><em>ὄψιν</em></strong></span> <span class='ocrx_word' id='word_1_130' title='bbox 1017 1876 1064 1951; x_wconf 78' lang='grc' dir='ltr'>εἷς</span> <span class='ocrx_word' id='word_1_131' title='bbox 1083 1872 1158 1952; x_wconf 78' lang='grc' dir='ltr'><strong><em>τούς</em></strong></span> <span class='ocrx_word' id='word_1_132' title='bbox 1178 1874 1335 1961; x_wconf 53' lang='lat' dir='ltr'>eppei-v.</span> <span class='ocrx_word' id='word_1_133' title='bbox 1349 1888 1396 1958; x_wconf 72' lang='lat' dir='ltr'>sti</span> 
     </span>
     <span class='ocr_line' id='line_1_17' title="bbox 210 1970 1297 2063; baseline 0.001 -24"><span class='ocrx_word' id='word_1_134' title='bbox 210 1996 293 2055; x_wconf 88' lang='grc' dir='ltr'><strong><em>νσυς,</em></strong></span> <span class='ocrx_word' id='word_1_135' title='bbox 313 1977 469 2059; x_wconf 78' lang='grc' dir='ltr'><strong><em>ἐμφαῖνον</em></strong></span> <span class='ocrx_word' id='word_1_136' title='bbox 490 1972 527 2038; x_wconf 78' lang='grc' dir='ltr'>δὲ</span> <span class='ocrx_word' id='word_1_137' title='bbox 547 1970 617 2053; x_wconf 85' lang='grc' dir='ltr'><strong><em>άμα</em></strong></span> <span class='ocrx_word' id='word_1_138' title='bbox 630 1974 687 2038; x_wconf 82' lang='grc' dir='ltr'><strong><em>καί</em></strong></span> <span class='ocrx_word' id='word_1_139' title='bbox 699 1971 757 2057; x_wconf 74' lang='grc' dir='ltr'>τήν</span> <span class='ocrx_word' id='word_1_140' title='bbox 772 1972 940 2059; x_wconf 75' lang='grc' dir='ltr'><strong><em>ἐσόπτρου</em></strong></span> <span class='ocrx_word' id='word_1_141' title='bbox 954 1972 1194 2057; x_wconf 75' lang='grc' dir='ltr'><strong><em>ἐπιλάμπουσαι</em></strong></span> <span class='ocrx_word' id='word_1_142' title='bbox 1206 1978 1297 2063; x_wconf 62' lang='lat' dir='ltr'>onisii</span> 
     </span>
     <span class='ocr_line' id='line_1_18' title="bbox 211 2067 1299 2159; baseline 0.002 -24"><span class='ocrx_word' id='word_1_143' title='bbox 211 2072 327 2158; x_wconf 69' lang='lat' dir='ltr'>ripensis</span> <span class='ocrx_word' id='word_1_144' title='bbox 349 2095 384 2135; x_wconf 88' lang='grc' dir='ltr'>τε</span> <span class='ocrx_word' id='word_1_145' title='bbox 403 2074 458 2135; x_wconf 77' lang='grc' dir='ltr'><strong><em>κατ’</em></strong></span> <span class='ocrx_word' id='word_1_146' title='bbox 477 2069 646 2156; x_wconf 83' lang='grc' dir='ltr'><strong><em>φρόνησιν,</em></strong></span> <span class='ocrx_word' id='word_1_147' title='bbox 667 2071 846 2137; x_wconf 74' lang='grc' dir='ltr'><strong><em>ἐπεπόθουν</em></strong></span> <span class='ocrx_word' id='word_1_148' title='bbox 866 2071 924 2139; x_wconf 72' lang='grc' dir='ltr'>καὶ</span> <span class='ocrx_word' id='word_1_149' title='bbox 942 2067 1040 2159; x_wconf 82' lang='grc' dir='ltr'><strong><em>άρρεν</em></strong></span> <span class='ocrx_word' id='word_1_150' title='bbox 1058 2084 1157 2139; x_wconf 72' lang='grc' dir='ltr'><strong><em>τεκεῖν</em></strong></span> <span class='ocrx_word' id='word_1_151' title='bbox 1177 2072 1234 2139; x_wconf 82' lang='grc' dir='ltr'>καὶ</span> <span class='ocrx_word' id='word_1_152' title='bbox 1252 2078 1299 2139; x_wconf 67' lang='grc' dir='ltr'>δι’·</span> 
     </span>
     <span class='ocr_line' id='line_1_19' title="bbox 211 2162 1297 2257; baseline 0 -20"><span class='ocrx_word' id='word_1_153' title='bbox 211 2172 309 2257; x_wconf 81' lang='grc' dir='ltr'><strong><em>εόχῆς</em></strong></span> <span class='ocrx_word' id='word_1_154' title='bbox 331 2171 437 2247; x_wconf 69' lang='grc' dir='ltr'><strong><em>αὐτοῖς</em></strong></span> <span class='ocrx_word' id='word_1_155' title='bbox 457 2171 544 2234; x_wconf 78' lang='grc' dir='ltr'><strong><em>τοῦτ’</em></strong></span> <span class='ocrx_word' id='word_1_156' title='bbox 567 2162 617 2253; x_wconf 75' lang='grc' dir='ltr'>ἦν.</span> <span class='ocrx_word' id='word_1_157' title='bbox 667 2167 879 2254; x_wconf 78' lang='grc' dir='ltr'><strong><em>ε’πινεμὴσεως</em></strong></span> <span class='ocrx_word' id='word_1_158' title='bbox 904 2162 962 2238; x_wconf 71' lang='grc' dir='ltr'>οὖν</span> <span class='ocrx_word' id='word_1_159' title='bbox 980 2168 1147 2256; x_wconf 72' lang='grc' dir='ltr'><strong><em>ἑνδεκάτης</em></strong></span> <span class='ocrx_word' id='word_1_160' title='bbox 1165 2171 1297 2255; x_wconf 82' lang='grc' dir='ltr'><strong><em>τρεχοό-</em></strong></span> 
     </span>
     <span class='ocr_line' id='line_1_20' title="bbox 211 2259 1296 2355; baseline -0.001 -20"><span class='ocrx_word' id='word_1_161' title='bbox 211 2266 287 2355; x_wconf 84' lang='grc' dir='ltr'><strong><em>σης,</em></strong></span> <span class='ocrx_word' id='word_1_162' title='bbox 307 2272 441 2335; x_wconf 80' lang='grc' dir='ltr'><strong><em>τάττεται</em></strong></span> <span class='ocrx_word' id='word_1_163' title='bbox 460 2265 582 2344; x_wconf 87' lang='grc' dir='ltr'><strong><em>τοότοις</em></strong></span> <span class='ocrx_word' id='word_1_164' title='bbox 614 2270 669 2339; x_wconf 75' lang='grc' dir='ltr'><strong><em>κατ’</em></strong></span> <span class='ocrx_word' id='word_1_165' title='bbox 686 2259 795 2353; x_wconf 84' lang='grc' dir='ltr'><strong><em>άρρεν.</em></strong></span> <span class='ocrx_word' id='word_1_166' title='bbox 849 2262 953 2345; x_wconf 64' lang='lat' dir='ltr'>scidiis</span> <span class='ocrx_word' id='word_1_167' title='bbox 978 2263 1039 2335; x_wconf 77' lang='lat' dir='ltr'>ode</span> <span class='ocrx_word' id='word_1_168' title='bbox 1063 2268 1094 2337; x_wconf 84' lang='lat' dir='ltr'>oi</span> <span class='ocrx_word' id='word_1_169' title='bbox 1118 2273 1178 2351; x_wconf 78' lang='grc' dir='ltr'><strong><em>μὲν</em></strong></span> <span class='ocrx_word' id='word_1_170' title='bbox 1196 2278 1296 2353; x_wconf 77' lang='grc' dir='ltr'><strong><em>γονεῖς</em></strong></span> 
     </span>
     <span class='ocr_line' id='line_1_21' title="bbox 164 2363 1296 2456; baseline -0.001 -22"><span class='ocrx_word' id='word_1_171' title='bbox 164 2367 410 2456; x_wconf 66' lang='grc' dir='ltr'><strong><em>σσδγεγηθεσαν,</em></strong></span> <span class='ocrx_word' id='word_1_172' title='bbox 430 2363 487 2432; x_wconf 68' lang='grc' dir='ltr'><strong><em>κατ’</em></strong></span> <span class='ocrx_word' id='word_1_173' title='bbox 506 2369 643 2443; x_wconf 77' lang='grc' dir='ltr'><strong><em>πένθους</em></strong></span> <span class='ocrx_word' id='word_1_174' title='bbox 662 2366 768 2434; x_wconf 75' lang='grc' dir='ltr'><strong><em>οὐκέτι</em></strong></span> <span class='ocrx_word' id='word_1_175' title='bbox 784 2364 872 2452; x_wconf 79' lang='grc' dir='ltr'><strong><em>ἴχνος</em></strong></span> <span class='ocrx_word' id='word_1_176' title='bbox 884 2369 994 2447; x_wconf 67' lang='grc' dir='ltr'><strong><em>αὐτοῖς</em></strong></span> <span class='ocrx_word' id='word_1_177' title='bbox 1010 2370 1218 2452; x_wconf 71' lang='grc' dir='ltr'><strong><em>ἐπιλελειπτο,</em></strong></span> <span class='ocrx_word' id='word_1_178' title='bbox 1239 2370 1296 2453; x_wconf 82' lang='grc' dir='ltr'>τῆς</span> 
     </span>
    </p>
   </div>
   <div class='ocr_carea' id='block_1_3' title="bbox 277 2578 1294 2865">
    <p class='ocr_par' dir='ltr' id='par_1_3' title="bbox 277 2578 1294 2865">
     <span class='ocr_line' id='line_1_22' title="bbox 281 2578 1294 2654; baseline -0.002 -19"><span class='ocrx_word' id='word_1_179' title='bbox 281 2582 306 2647; x_wconf 72' lang='lat' dir='ltr'>i·</span> <span class='ocrx_word' id='word_1_180' title='bbox 326 2578 561 2653; x_wconf 77' lang='grc' dir='ltr'><strong><em>συμβουλεύοντος</em></strong></span> <span class='ocrx_word' id='word_1_181' title='bbox 576 2580 609 2633; x_wconf 86' lang='lat' dir='ltr'>G.</span> <span class='ocrx_word' id='word_1_182' title='bbox 684 2580 711 2631; x_wconf 86' lang='grc'>6.</span> <span class='ocrx_word' id='word_1_183' title='bbox 730 2583 922 2653; x_wconf 69' lang='grc' dir='ltr'><strong><em>συντεταμένον</em></strong></span> <span class='ocrx_word' id='word_1_184' title='bbox 939 2580 990 2633; x_wconf 66' lang='lat' dir='ltr'>lin.</span> <span class='ocrx_word' id='word_1_185' title='bbox 1076 2579 1294 2654; x_wconf 69' lang='lat' dir='ltr'>priempere.</span> 
     </span>
     <span class='ocr_line' id='line_1_23' title="bbox 280 2648 1294 2724; baseline -0.001 -18"><span class='ocrx_word' id='word_1_186' title='bbox 280 2655 304 2706; x_wconf 87' lang='lat'>8.</span> <span class='ocrx_word' id='word_1_187' title='bbox 322 2657 542 2709; x_wconf 82' lang='grc' dir='ltr'><strong><em>Κωνοταντίνου</em></strong></span> <span class='ocrx_word' id='word_1_188' title='bbox 561 2648 724 2717; x_wconf 79' lang='grc' dir='ltr'><strong><em>καλἍννης</em></strong></span> <span class='ocrx_word' id='word_1_189' title='bbox 740 2650 768 2703; x_wconf 88' lang='lat' dir='ltr'>C.</span> <span class='ocrx_word' id='word_1_190' title='bbox 843 2668 881 2704; x_wconf 84' lang='lat' dir='ltr'>rr.</span> <span class='ocrx_word' id='word_1_191' title='bbox 901 2650 996 2723; x_wconf 75' lang='grc' dir='ltr'><strong><em>ὥσπερ</em></strong></span> <span class='ocrx_word' id='word_1_192' title='bbox 1008 2650 1063 2703; x_wconf 89' lang='lat' dir='ltr'>CG.</span> <span class='ocrx_word' id='word_1_193' title='bbox 1155 2654 1193 2705; x_wconf 75' lang='lat'>13.</span> <span class='ocrx_word' id='word_1_194' title='bbox 1209 2650 1294 2724; x_wconf 81' lang='grc' dir='ltr'><strong><em>τοῦμ-</em></strong></span> 
     </span>
     <span class='ocr_line' id='line_1_24' title="bbox 277 2720 1294 2780; baseline 0.001 -6"><span class='ocrx_word' id='word_1_195' title='bbox 277 2726 363 2778; x_wconf 80' lang='grc' dir='ltr'><strong><em>παλιν</em></strong></span> <span class='ocrx_word' id='word_1_196' title='bbox 381 2739 432 2773; x_wconf 90' lang='lat' dir='ltr'>orn.</span> <span class='ocrx_word' id='word_1_197' title='bbox 448 2722 505 2773; x_wconf 81' lang='lat' dir='ltr'>AG.</span> <span class='ocrx_word' id='word_1_198' title='bbox 598 2720 635 2773; x_wconf 77' lang='lat'>15.</span> <span class='ocrx_word' id='word_1_199' title='bbox 649 2724 691 2780; x_wconf 77' lang='grc' dir='ltr'>εἰς</span> <span class='ocrx_word' id='word_1_200' title='bbox 708 2722 785 2774; x_wconf 89' lang='lat' dir='ltr'>uncis</span> <span class='ocrx_word' id='word_1_201' title='bbox 812 2721 924 2777; x_wconf 68' lang='lat' dir='ltr'>inclusit</span> <span class='ocrx_word' id='word_1_202' title='bbox 946 2721 1088 2777; x_wconf 84' lang='lat' dir='ltr'>lloescbel</span> <span class='ocrx_word' id='word_1_203' title='bbox 1105 2721 1159 2775; x_wconf 81' lang='lat' dir='ltr'>vid.</span> <span class='ocrx_word' id='word_1_204' title='bbox 1173 2731 1294 2775; x_wconf 81' lang='lat' dir='ltr'>annotat</span> 
     </span>
     <span class='ocr_line' id='line_1_25' title="bbox 285 2788 1293 2865; baseline 0 -20"><span class='ocrx_word' id='word_1_205' title='bbox 285 2796 324 2846; x_wconf 73' lang='lat'>16.</span> <span class='ocrx_word' id='word_1_206' title='bbox 343 2794 368 2849; x_wconf 76' lang='grc' dir='ltr'>δ’</span> <span class='ocrx_word' id='word_1_207' title='bbox 386 2790 446 2865; x_wconf 78' lang='grc' dir='ltr'><strong><em>ἅμα</em></strong></span> <span class='ocrx_word' id='word_1_208' title='bbox 462 2792 492 2847; x_wconf 81' lang='grc' dir='ltr'>Δ.</span> <span class='ocrx_word' id='word_1_209' title='bbox 565 2808 604 2863; x_wconf 81' lang='grc' dir='ltr'>ιγ.</span> <span class='ocrx_word' id='word_1_210' title='bbox 622 2800 728 2849; x_wconf 61' lang='lat' dir='ltr'>sexam</span> <span class='ocrx_word' id='word_1_211' title='bbox 742 2792 815 2851; x_wconf 72' lang='grc' dir='ltr'><strong><em>ἰδεῖν</em></strong></span> <span class='ocrx_word' id='word_1_212' title='bbox 826 2795 857 2845; x_wconf 84' lang='grc' dir='ltr'>λ.</span> <span class='ocrx_word' id='word_1_213' title='bbox 949 2797 989 2852; x_wconf 68' lang='grc' dir='ltr'>ιλ</span> <span class='ocrx_word' id='word_1_214' title='bbox 1007 2790 1199 2855; x_wconf 65' lang='lat' dir='ltr'>armeniacis</span> <span class='ocrx_word' id='word_1_215' title='bbox 1217 2788 1252 2861; x_wconf 74' lang='grc' dir='ltr'>ἦν</span> <span class='ocrx_word' id='word_1_216' title='bbox 1263 2795 1293 2846; x_wconf 80' lang='grc' dir='ltr'>Α.</span> 
     </span>
    </p>
   </div>
   <div class='ocr_carea' id='block_1_4' title="bbox 174 2977 1296 4252">
    <p class='ocr_par' dir='ltr' id='par_1_4' title="bbox 174 2977 1296 4252">
     <span class='ocr_line' id='line_1_26' title="bbox 211 2977 1295 3050; baseline 0.001 -19"><span class='ocrx_word' id='word_1_217' title='bbox 211 2994 320 3042; x_wconf 82' lang='lat' dir='ltr'>omnes,</span> <span class='ocrx_word' id='word_1_218' title='bbox 337 2977 452 3031; x_wconf 82' lang='lat' dir='ltr'>maxime</span> <span class='ocrx_word' id='word_1_219' title='bbox 470 2978 517 3048; x_wconf 89' lang='lat' dir='ltr'>qui</span> <span class='ocrx_word' id='word_1_220' title='bbox 539 2978 670 3047; x_wconf 76' lang='lat' dir='ltr'>sanguine</span> <span class='ocrx_word' id='word_1_221' title='bbox 687 2978 849 3049; x_wconf 79' lang='lat' dir='ltr'>inperatrici</span> <span class='ocrx_word' id='word_1_222' title='bbox 866 2978 952 3031; x_wconf 88' lang='lat' dir='ltr'>iuncti</span> <span class='ocrx_word' id='word_1_223' title='bbox 977 2987 1069 3043; x_wconf 86' lang='lat' dir='ltr'>erant,</span> <span class='ocrx_word' id='word_1_224' title='bbox 1087 2980 1135 3050; x_wconf 88' lang='lat' dir='ltr'>qui</span> <span class='ocrx_word' id='word_1_225' title='bbox 1154 2996 1218 3050; x_wconf 85' lang='lat' dir='ltr'>prae</span> <span class='ocrx_word' id='word_1_226' title='bbox 1237 2981 1295 3032; x_wconf 84' lang='lat' dir='ltr'>lae·</span> 
     </span>
     <span class='ocr_line' id='line_1_27' title="bbox 211 3048 1295 3119; baseline 0.002 -18"><span class='ocrx_word' id='word_1_227' title='bbox 211 3052 271 3109; x_wconf 85' lang='lat' dir='ltr'>titia</span> <span class='ocrx_word' id='word_1_228' title='bbox 296 3048 364 3119; x_wconf 87' lang='lat' dir='ltr'>quid</span> <span class='ocrx_word' id='word_1_229' title='bbox 390 3059 501 3119; x_wconf 78' lang='lat' dir='ltr'>agerent</span> <span class='ocrx_word' id='word_1_230' title='bbox 524 3049 689 3103; x_wconf 72' lang='lat' dir='ltr'>nesciebant.</span> <span class='ocrx_word' id='word_1_231' title='bbox 726 3049 824 3103; x_wconf 85' lang='lat' dir='ltr'>diebus</span> <span class='ocrx_word' id='word_1_232' title='bbox 854 3066 910 3104; x_wconf 86' lang='lat' dir='ltr'>non</span> <span class='ocrx_word' id='word_1_233' title='bbox 941 3049 981 3102; x_wconf 86' lang='lat' dir='ltr'>ita</span> <span class='ocrx_word' id='word_1_234' title='bbox 1011 3051 1105 3103; x_wconf 84' lang='lat' dir='ltr'>multis</span> <span class='ocrx_word' id='word_1_235' title='bbox 1129 3051 1295 3114; x_wconf 85' lang='lat' dir='ltr'>interiectis,</span> 
     </span>
     <span class='ocr_line' id='line_1_28' title="bbox 210 3118 1296 3189; baseline 0.001 -16"><span class='ocrx_word' id='word_1_236' title='bbox 210 3138 310 3173; x_wconf 86' lang='lat' dir='ltr'>corona</span> <span class='ocrx_word' id='word_1_237' title='bbox 330 3121 410 3173; x_wconf 86' lang='lat' dir='ltr'>etiam</span> <span class='ocrx_word' id='word_1_238' title='bbox 434 3137 478 3173; x_wconf 88' lang='lat' dir='ltr'>me</span> <span class='ocrx_word' id='word_1_239' title='bbox 498 3129 527 3173; x_wconf 87' lang='lat' dir='ltr'>et</span> <span class='ocrx_word' id='word_1_240' title='bbox 547 3122 620 3189; x_wconf 79' lang='lat' dir='ltr'>regio</span> <span class='ocrx_word' id='word_1_241' title='bbox 647 3120 798 3173; x_wconf 83' lang='lat' dir='ltr'>diademate</span> <span class='ocrx_word' id='word_1_242' title='bbox 820 3128 947 3189; x_wconf 84' lang='lat' dir='ltr'>parentes</span> <span class='ocrx_word' id='word_1_243' title='bbox 964 3128 1068 3173; x_wconf 87' lang='lat' dir='ltr'>ornant.</span> <span class='ocrx_word' id='word_1_244' title='bbox 1102 3118 1296 3174; x_wconf 80' lang='lat' dir='ltr'>Comtantinne</span> 
     </span>
     <span class='ocr_line' id='line_1_29' title="bbox 210 3189 1296 3261; baseline 0.002 -18"><span class='ocrx_word' id='word_1_245' title='bbox 210 3200 314 3255; x_wconf 88' lang='lat' dir='ltr'>autern,</span> <span class='ocrx_word' id='word_1_246' title='bbox 338 3192 412 3243; x_wconf 86' lang='lat' dir='ltr'>lilius</span> <span class='ocrx_word' id='word_1_247' title='bbox 430 3190 572 3243; x_wconf 85' lang='lat' dir='ltr'>Michaelis</span> <span class='ocrx_word' id='word_1_248' title='bbox 592 3193 701 3257; x_wconf 69' lang='lat' dir='ltr'>boacas,</span> <span class='ocrx_word' id='word_1_249' title='bbox 728 3200 807 3244; x_wconf 89' lang='lat' dir='ltr'>antea</span> <span class='ocrx_word' id='word_1_250' title='bbox 824 3192 1008 3261; x_wconf 85' lang='lat' dir='ltr'>imperatoris,</span> <span class='ocrx_word' id='word_1_251' title='bbox 1024 3189 1101 3243; x_wconf 83' lang='lat' dir='ltr'>cuias</span> <span class='ocrx_word' id='word_1_252' title='bbox 1121 3206 1201 3260; x_wconf 81' lang='lat' dir='ltr'>saepe</span> <span class='ocrx_word' id='word_1_253' title='bbox 1217 3208 1296 3245; x_wconf 86' lang='lat' dir='ltr'>rnen-</span> 
     </span>
     <span class='ocr_line' id='line_1_30' title="bbox 210 3261 1296 3331; baseline -0.001 -16"><span class='ocrx_word' id='word_1_254' title='bbox 210 3264 311 3315; x_wconf 78' lang='lat' dir='ltr'>tionem</span> <span class='ocrx_word' id='word_1_255' title='bbox 329 3261 459 3325; x_wconf 80' lang='lat' dir='ltr'>fecimus,</span> <span class='ocrx_word' id='word_1_256' title='bbox 481 3280 542 3313; x_wconf 89' lang='lat' dir='ltr'>cnm</span> <span class='ocrx_word' id='word_1_257' title='bbox 559 3264 634 3331; x_wconf 73' lang='lat' dir='ltr'>regni</span> <span class='ocrx_word' id='word_1_258' title='bbox 653 3263 735 3315; x_wconf 86' lang='lat' dir='ltr'>etiam</span> <span class='ocrx_word' id='word_1_259' title='bbox 760 3270 818 3314; x_wconf 89' lang='lat' dir='ltr'>tum</span> <span class='ocrx_word' id='word_1_260' title='bbox 837 3263 1001 3313; x_wconf 69' lang='lat' dir='ltr'>consortium</span> <span class='ocrx_word' id='word_1_261' title='bbox 1019 3261 1176 3323; x_wconf 84' lang='lat' dir='ltr'>obtineret,</span> <span class='ocrx_word' id='word_1_262' title='bbox 1195 3271 1224 3313; x_wconf 87' lang='lat' dir='ltr'>et</span> <span class='ocrx_word' id='word_1_263' title='bbox 1240 3279 1296 3314; x_wconf 84' lang='lat' dir='ltr'>una</span> 
     </span>
     <span class='ocr_line' id='line_1_31' title="bbox 210 3330 1296 3402; baseline 0.002 -17"><span class='ocrx_word' id='word_1_264' title='bbox 210 3340 270 3385; x_wconf 81' lang='lat' dir='ltr'>etam</span> <span class='ocrx_word' id='word_1_265' title='bbox 288 3334 449 3402; x_wconf 74' lang='lat' dir='ltr'>imperatore</span> <span class='ocrx_word' id='word_1_266' title='bbox 467 3342 544 3401; x_wconf 87' lang='lat' dir='ltr'>patre</span> <span class='ocrx_word' id='word_1_267' title='bbox 562 3350 623 3385; x_wconf 89' lang='lat' dir='ltr'>meo</span> <span class='ocrx_word' id='word_1_268' title='bbox 651 3331 846 3385; x_wconf 79' lang='lat' dir='ltr'>donationibus</span> <span class='ocrx_word' id='word_1_269' title='bbox 865 3332 1036 3385; x_wconf 88' lang='lat' dir='ltr'>rubrameuto</span> <span class='ocrx_word' id='word_1_270' title='bbox 1056 3330 1251 3399; x_wconf 86' lang='lat' dir='ltr'>subscriberet,</span> <span class='ocrx_word' id='word_1_271' title='bbox 1266 3340 1296 3387; x_wconf 86' lang='lat' dir='ltr'>et</span> 
     </span>
     <span class='ocr_line' id='line_1_32' title="bbox 210 3402 1295 3473; baseline -0.001 -18"><span class='ocrx_word' id='word_1_272' title='bbox 210 3403 241 3455; x_wconf 92' lang='lat' dir='ltr'>iu</span> <span class='ocrx_word' id='word_1_273' title='bbox 266 3404 369 3473; x_wconf 80' lang='lat' dir='ltr'>pompis</span> <span class='ocrx_word' id='word_1_274' title='bbox 401 3403 559 3455; x_wconf 88' lang='lat' dir='ltr'>solennibus</span> <span class='ocrx_word' id='word_1_275' title='bbox 593 3405 663 3458; x_wconf 86' lang='lat' dir='ltr'>tiara</span> <span class='ocrx_word' id='word_1_276' title='bbox 694 3404 807 3455; x_wconf 86' lang='lat' dir='ltr'>indutus</span> <span class='ocrx_word' id='word_1_277' title='bbox 835 3403 996 3467; x_wconf 84' lang='lat' dir='ltr'>incederet,</span> <span class='ocrx_word' id='word_1_278' title='bbox 1023 3410 1160 3472; x_wconf 83' lang='lat' dir='ltr'>postremo</span> <span class='ocrx_word' id='word_1_279' title='bbox 1191 3402 1222 3454; x_wconf 89' lang='lat' dir='ltr'>in</span> <span class='ocrx_word' id='word_1_280' title='bbox 1250 3419 1295 3454; x_wconf 89' lang='lat' dir='ltr'>ao-</span> 
     </span>
     <span class='ocr_line' id='line_1_33' title="bbox 210 3471 1296 3544; baseline 0.002 -19"><span class='ocrx_word' id='word_1_281' title='bbox 210 3471 416 3525; x_wconf 90' lang='lat' dir='ltr'>clamationibus</span> <span class='ocrx_word' id='word_1_282' title='bbox 452 3472 570 3525; x_wconf 84' lang='lat' dir='ltr'>secundo</span> <span class='ocrx_word' id='word_1_283' title='bbox 599 3475 660 3525; x_wconf 94' lang='lat' dir='ltr'>loco</span> <span class='ocrx_word' id='word_1_284' title='bbox 688 3475 889 3538; x_wconf 77' lang='lat' dir='ltr'>nominaretur,</span> <span class='ocrx_word' id='word_1_285' title='bbox 922 3473 1051 3544; x_wconf 78' lang='lat' dir='ltr'>quoniam</span> <span class='ocrx_word' id='word_1_286' title='bbox 1078 3474 1160 3525; x_wconf 86' lang='lat' dir='ltr'>etiam</span> <span class='ocrx_word' id='word_1_287' title='bbox 1186 3474 1241 3526; x_wconf 86' lang='lat' dir='ltr'>mei</span> <span class='ocrx_word' id='word_1_288' title='bbox 1265 3476 1296 3527; x_wconf 88' lang='lat' dir='ltr'>in</span> 
     </span>
     <span class='ocr_line' id='line_1_34' title="bbox 174 3542 1295 3608; baseline -0.004 -10"><span class='ocrx_word' id='word_1_289' title='bbox 174 3560 177 3567; x_wconf 87' lang='grc'>’</span> <span class='ocrx_word' id='word_1_290' title='bbox 208 3542 447 3597; x_wconf 74' lang='lat' dir='ltr'>acclamationibus</span> <span class='ocrx_word' id='word_1_291' title='bbox 471 3545 573 3597; x_wconf 83' lang='lat' dir='ltr'>mentio</span> <span class='ocrx_word' id='word_1_292' title='bbox 600 3544 725 3597; x_wconf 80' lang='lat' dir='ltr'>iacienda</span> <span class='ocrx_word' id='word_1_293' title='bbox 748 3553 821 3608; x_wconf 87' lang='lat' dir='ltr'>erat,</span> <span class='ocrx_word' id='word_1_294' title='bbox 847 3544 1055 3597; x_wconf 83' lang='lat' dir='ltr'>Constantinum</span> <span class='ocrx_word' id='word_1_295' title='bbox 1081 3552 1110 3597; x_wconf 90' lang='lat' dir='ltr'>et</span> <span class='ocrx_word' id='word_1_296' title='bbox 1131 3544 1235 3595; x_wconf 76' lang='lat' dir='ltr'>sanam</span> <span class='ocrx_word' id='word_1_297' title='bbox 1257 3544 1295 3596; x_wconf 86' lang='lat' dir='ltr'>si·</span> 
     </span>
     <span class='ocr_line' id='line_1_35' title="bbox 209 3612 1296 3685; baseline 0 -16"><span class='ocrx_word' id='word_1_298' title='bbox 209 3616 268 3669; x_wconf 84' lang='lat' dir='ltr'>mul</span> <span class='ocrx_word' id='word_1_299' title='bbox 293 3612 521 3685; x_wconf 80' lang='lat' dir='ltr'>pronuntiabant,</span> <span class='ocrx_word' id='word_1_300' title='bbox 550 3615 599 3683; x_wconf 90' lang='lat' dir='ltr'>qui</span> <span class='ocrx_word' id='word_1_301' title='bbox 633 3616 842 3669; x_wconf 78' lang='lat' dir='ltr'>acclamationes</span> <span class='ocrx_word' id='word_1_302' title='bbox 870 3614 1031 3685; x_wconf 83' lang='lat' dir='ltr'>praeibant;</span> <span class='ocrx_word' id='word_1_303' title='bbox 1065 3612 1095 3664; x_wconf 91' lang='lat' dir='ltr'>id</span> <span class='ocrx_word' id='word_1_304' title='bbox 1126 3614 1201 3683; x_wconf 88' lang='lat' dir='ltr'>qnod</span> <span class='ocrx_word' id='word_1_305' title='bbox 1229 3615 1296 3669; x_wconf 78' lang='lat' dir='ltr'>satis</span> 
     </span>
     <span class='ocr_line' id='line_1_36' title="bbox 209 3684 1296 3755; baseline 0.001 -18"><span class='ocrx_word' id='word_1_306' title='bbox 209 3686 292 3753; x_wconf 76' lang='lat' dir='ltr'>longo</span> <span class='ocrx_word' id='word_1_307' title='bbox 311 3694 431 3753; x_wconf 84' lang='lat' dir='ltr'>ternpore</span> <span class='ocrx_word' id='word_1_308' title='bbox 449 3684 620 3737; x_wconf 81' lang='lat' dir='ltr'>observatum</span> <span class='ocrx_word' id='word_1_309' title='bbox 643 3700 717 3749; x_wconf 82' lang='lat' dir='ltr'>esse,</span> <span class='ocrx_word' id='word_1_310' title='bbox 736 3702 752 3738; x_wconf 89' lang='lat' dir='ltr'>e</span> <span class='ocrx_word' id='word_1_311' title='bbox 773 3686 978 3753; x_wconf 75' lang='lat' dir='ltr'>consanguineis</span> <span class='ocrx_word' id='word_1_312' title='bbox 1001 3692 1098 3755; x_wconf 86' lang='lat' dir='ltr'>postea</span> <span class='ocrx_word' id='word_1_313' title='bbox 1124 3685 1296 3753; x_wconf 80' lang='lat' dir='ltr'>parentibus·</span> 
     </span>
     <span class='ocr_line' id='line_1_37' title="bbox 209 3754 1296 3825; baseline 0.002 -18"><span class='ocrx_word' id='word_1_314' title='bbox 209 3772 265 3825; x_wconf 83' lang='lat' dir='ltr'>qne</span> <span class='ocrx_word' id='word_1_315' title='bbox 282 3756 348 3807; x_wconf 81' lang='lat' dir='ltr'>aneis</span> <span class='ocrx_word' id='word_1_316' title='bbox 360 3772 440 3824; x_wconf 85' lang='lat' dir='ltr'>saepe</span> <span class='ocrx_word' id='word_1_317' title='bbox 458 3754 557 3807; x_wconf 86' lang='lat' dir='ltr'>audivi.</span> <span class='ocrx_word' id='word_1_318' title='bbox 576 3762 635 3807; x_wconf 83' lang='lat' dir='ltr'>erat</span> <span class='ocrx_word' id='word_1_319' title='bbox 650 3756 866 3809; x_wconf 82' lang='lat' dir='ltr'>nutemsortasse</span> <span class='ocrx_word' id='word_1_320' title='bbox 882 3756 935 3807; x_wconf 88' lang='lat' dir='ltr'>hoc</span> <span class='ocrx_word' id='word_1_321' title='bbox 946 3756 1087 3822; x_wconf 78' lang='lat' dir='ltr'>augurium</span> <span class='ocrx_word' id='word_1_322' title='bbox 1105 3772 1207 3820; x_wconf 87' lang='lat' dir='ltr'>eorum,</span> <span class='ocrx_word' id='word_1_323' title='bbox 1224 3772 1296 3825; x_wconf 82' lang='lat' dir='ltr'>quae</span> 
     </span>
     <span class='ocr_line' id='line_1_38' title="bbox 209 3826 1296 3895; baseline -0.002 -14"><span class='ocrx_word' id='word_1_324' title='bbox 209 3827 276 3881; x_wconf 80' lang='lat' dir='ltr'>milri</span> <span class='ocrx_word' id='word_1_325' title='bbox 295 3834 423 3878; x_wconf 85' lang='lat' dir='ltr'>eventura</span> <span class='ocrx_word' id='word_1_326' title='bbox 442 3834 518 3877; x_wconf 88' lang='lat' dir='ltr'>eraut</span> <span class='ocrx_word' id='word_1_327' title='bbox 535 3834 582 3877; x_wconf 89' lang='lat' dir='ltr'>aut</span> <span class='ocrx_word' id='word_1_328' title='bbox 605 3842 733 3895; x_wconf 87' lang='lat' dir='ltr'>prospera</span> <span class='ocrx_word' id='word_1_329' title='bbox 750 3835 799 3879; x_wconf 87' lang='lat' dir='ltr'>aut</span> <span class='ocrx_word' id='word_1_330' title='bbox 825 3828 945 3878; x_wconf 82' lang='lat' dir='ltr'>adressa.</span> <span class='ocrx_word' id='word_1_331' title='bbox 962 3826 1011 3877; x_wconf 85' lang='lat' dir='ltr'>sed</span> <span class='ocrx_word' id='word_1_332' title='bbox 1031 3842 1091 3877; x_wconf 88' lang='lat' dir='ltr'>cum</span> <span class='ocrx_word' id='word_1_333' title='bbox 1107 3828 1190 3879; x_wconf 72' lang='lat' dir='ltr'>edam</span> <span class='ocrx_word' id='word_1_334' title='bbox 1209 3827 1296 3879; x_wconf 87' lang='lat' dir='ltr'>altera</span> 
     </span>
     <span class='ocr_line' id='line_1_39' title="bbox 210 3896 1295 3967; baseline -0.001 -16"><span class='ocrx_word' id='word_1_335' title='bbox 210 3896 420 3967; x_wconf 82' lang='lat' dir='ltr'>imperatoribus</span> <span class='ocrx_word' id='word_1_336' title='bbox 449 3896 506 3946; x_wconf 87' lang='lat' dir='ltr'>filia</span> <span class='ocrx_word' id='word_1_337' title='bbox 524 3903 595 3948; x_wconf 88' lang='lat' dir='ltr'>esset</span> <span class='ocrx_word' id='word_1_338' title='bbox 611 3905 690 3961; x_wconf 86' lang='lat' dir='ltr'>nata,</span> <span class='ocrx_word' id='word_1_339' title='bbox 712 3898 792 3948; x_wconf 84' lang='lat' dir='ltr'>vultu</span> <span class='ocrx_word' id='word_1_340' title='bbox 809 3897 928 3949; x_wconf 78' lang='lat' dir='ltr'>referens</span> <span class='ocrx_word' id='word_1_341' title='bbox 953 3904 1089 3965; x_wconf 82' lang='lat' dir='ltr'>parentes,</span> <span class='ocrx_word' id='word_1_342' title='bbox 1103 3898 1295 3966; x_wconf 80' lang='lat' dir='ltr'>apparentibus</span> 
     </span>
     <span class='ocr_line' id='line_1_40' title="bbox 210 3966 1295 4037; baseline 0 -18"><span class='ocrx_word' id='word_1_343' title='bbox 210 3968 290 4023; x_wconf 85' lang='lat' dir='ltr'>simul</span> <span class='ocrx_word' id='word_1_344' title='bbox 303 3968 408 4019; x_wconf 84' lang='lat' dir='ltr'>virtutis</span> <span class='ocrx_word' id='word_1_345' title='bbox 420 3974 503 4035; x_wconf 84' lang='lat' dir='ltr'>atque</span> <span class='ocrx_word' id='word_1_346' title='bbox 513 3966 674 4035; x_wconf 88' lang='lat' dir='ltr'>prudentiae</span> <span class='ocrx_word' id='word_1_347' title='bbox 683 3969 811 4037; x_wconf 80' lang='lat' dir='ltr'>vestigiis,</span> <span class='ocrx_word' id='word_1_348' title='bbox 827 3985 897 4037; x_wconf 87' lang='lat' dir='ltr'>quae</span> <span class='ocrx_word' id='word_1_349' title='bbox 908 3975 1002 4035; x_wconf 88' lang='lat' dir='ltr'>postea</span> <span class='ocrx_word' id='word_1_350' title='bbox 1015 3968 1044 4019; x_wconf 90' lang='lat' dir='ltr'>in</span> <span class='ocrx_word' id='word_1_351' title='bbox 1061 3985 1094 4019; x_wconf 86' lang='lat' dir='ltr'>ea</span> <span class='ocrx_word' id='word_1_352' title='bbox 1110 3968 1228 4031; x_wconf 82' lang='lat' dir='ltr'>eluxere,</span> <span class='ocrx_word' id='word_1_353' title='bbox 1244 3967 1295 4019; x_wconf 86' lang='lat' dir='ltr'>de-</span> 
     </span>
     <span class='ocr_line' id='line_1_41' title="bbox 211 4036 1295 4107; baseline -0.001 -17"><span class='ocrx_word' id='word_1_354' title='bbox 211 4038 339 4093; x_wconf 87' lang='lat' dir='ltr'>siderium</span> <span class='ocrx_word' id='word_1_355' title='bbox 357 4054 404 4091; x_wconf 87' lang='lat' dir='ltr'>eoa</span> <span class='ocrx_word' id='word_1_356' title='bbox 428 4037 540 4091; x_wconf 87' lang='lat' dir='ltr'>incessit</span> <span class='ocrx_word' id='word_1_357' title='bbox 558 4038 640 4089; x_wconf 86' lang='lat' dir='ltr'>etiarn</span> <span class='ocrx_word' id='word_1_358' title='bbox 659 4038 744 4091; x_wconf 82' lang='lat' dir='ltr'>virilia</span> <span class='ocrx_word' id='word_1_359' title='bbox 767 4038 861 4107; x_wconf 87' lang='lat' dir='ltr'>stirpis</span> <span class='ocrx_word' id='word_1_360' title='bbox 881 4036 1079 4106; x_wconf 76' lang='lat' dir='ltr'>procreandae,</span> <span class='ocrx_word' id='word_1_361' title='bbox 1099 4038 1183 4107; x_wconf 89' lang='lat' dir='ltr'>idque</span> <span class='ocrx_word' id='word_1_362' title='bbox 1200 4042 1229 4091; x_wconf 89' lang='lat' dir='ltr'>in</span> <span class='ocrx_word' id='word_1_363' title='bbox 1247 4054 1295 4091; x_wconf 85' lang='lat' dir='ltr'>ro·</span> 
     </span>
     <span class='ocr_line' id='line_1_42' title="bbox 212 4108 1296 4177; baseline -0.004 -14"><span class='ocrx_word' id='word_1_364' title='bbox 212 4108 247 4163; x_wconf 90' lang='lat' dir='ltr'>lis</span> <span class='ocrx_word' id='word_1_365' title='bbox 266 4118 331 4161; x_wconf 83' lang='lat' dir='ltr'>erat.</span> <span class='ocrx_word' id='word_1_366' title='bbox 348 4109 401 4159; x_wconf 89' lang='lat' dir='ltr'>iam</span> <span class='ocrx_word' id='word_1_367' title='bbox 421 4108 570 4161; x_wconf 87' lang='lat' dir='ltr'>indictione</span> <span class='ocrx_word' id='word_1_368' title='bbox 588 4108 731 4161; x_wconf 85' lang='lat' dir='ltr'>undecima</span> <span class='ocrx_word' id='word_1_369' title='bbox 756 4110 838 4160; x_wconf 86' lang='lat' dir='ltr'>etiarn</span> <span class='ocrx_word' id='word_1_370' title='bbox 857 4124 926 4177; x_wconf 88' lang='lat' dir='ltr'>puer</span> <span class='ocrx_word' id='word_1_371' title='bbox 942 4109 1009 4177; x_wconf 80' lang='lat' dir='ltr'>ipsis</span> <span class='ocrx_word' id='word_1_372' title='bbox 1026 4117 1105 4161; x_wconf 83' lang='lat' dir='ltr'>natus</span> <span class='ocrx_word' id='word_1_373' title='bbox 1122 4118 1172 4161; x_wconf 78' lang='lat' dir='ltr'>est.</span> <span class='ocrx_word' id='word_1_374' title='bbox 1190 4110 1296 4175; x_wconf 75' lang='lat' dir='ltr'>ingenti</span> 
     </span>
     <span class='ocr_line' id='line_1_43' title="bbox 213 4176 1295 4252; baseline 0.001 -21"><span class='ocrx_word' id='word_1_375' title='bbox 213 4176 246 4231; x_wconf 88' lang='lat' dir='ltr'>de</span> <span class='ocrx_word' id='word_1_376' title='bbox 260 4196 291 4231; x_wconf 91' lang='lat' dir='ltr'>ea</span> <span class='ocrx_word' id='word_1_377' title='bbox 306 4198 333 4232; x_wconf 85' lang='lat' dir='ltr'>re</span> <span class='ocrx_word' id='word_1_378' title='bbox 348 4180 445 4247; x_wconf 75' lang='lat' dir='ltr'>gaudio</span> <span class='ocrx_word' id='word_1_379' title='bbox 454 4188 579 4252; x_wconf 84' lang='lat' dir='ltr'>parentes</span> <span class='ocrx_word' id='word_1_380' title='bbox 600 4181 689 4233; x_wconf 82' lang='lat' dir='ltr'>allecti</span> <span class='ocrx_word' id='word_1_381' title='bbox 707 4188 778 4243; x_wconf 86' lang='lat' dir='ltr'>sunt,</span> <span class='ocrx_word' id='word_1_382' title='bbox 797 4196 886 4251; x_wconf 81' lang='lat' dir='ltr'>neque</span> <span class='ocrx_word' id='word_1_383' title='bbox 905 4180 1030 4237; x_wconf 75' lang='lat' dir='ltr'>tristitiae</span> <span class='ocrx_word' id='word_1_384' title='bbox 1048 4178 1135 4233; x_wconf 84' lang='lat' dir='ltr'>ullum</span> <span class='ocrx_word' id='word_1_385' title='bbox 1154 4180 1295 4249; x_wconf 72' lang='lat' dir='ltr'>vestigium</span> 
     </span>
    </p>
   </div>
   <div class='ocr_carea' id='block_1_5' title="bbox 0 0 1526 4909">
    <p class='ocr_par' dir='ltr' id='par_1_5' title="bbox 0 0 1526 4909">
     <span class='ocr_line' id='line_1_44' title="bbox 0 0 1526 4909; baseline 0 0"><span class='ocrx_word' id='word_1_386' title='bbox 0 0 1526 4909; x_wconf 95' lang='lat' dir='ltr'> </span> 
     </span>
    </p>
   </div>
  </div>
 </body>
</html>
