3042 4909
634 339 875 409 rnttmro.
1200 343 1280 407 XXV

185 498 343 592 veteris,
369 498 433 595 ubi
460 523 552 597 opus
582 497 784 597 ridebitur,
812 501 972 599 rationes
993 493 1166 593 reddam,
1190 510 1227 570 et
1249 497 1281 571 εἰ

185 623 285 695 torte
308 623 453 721 longior
475 648 579 717 usne,
603 636 645 695 ut
669 624 818 718 assolet,
843 623 996 696 meliora
1017 646 1077 694 rne
1102 621 1281 716 docuerit,

186 770 238 819 ea
270 744 415 817 addam.
479 746 569 821 Nam
604 748 671 820 etei
707 748 765 821 rix
795 748 868 820 ulia
897 745 1068 819 editionis
1099 746 1281 819 Parisinae

185 868 325 966 pagina
351 883 416 964 est,
440 869 479 941 in
505 895 578 967 qua
592 895 668 943 non
680 884 737 943 ter
752 871 907 967 emplius
918 871 974 942 rel
985 871 1164 941 librorum
1188 868 1278 939 seri-

193 1005 302 1088 ptura
326 993 457 1065 melior
476 996 650 1089 restituta,
673 995 730 1067 rel
747 991 989 1082 eonieetando
1006 994 1136 1065 veritas
1152 992 1280 1064 lectio·

94 1203 99 1212 Ι
195 1115 255 1187 nis
277 1114 423 1187 inventa
443 1118 506 1210 eit,
529 1122 652 1189 tam'en
675 1130 816 1189 tantum
841 1116 960 1209 abest,
982 1129 1024 1188 ut
1046 1136 1280 1213 perpurgesse

192 1236 269 1309 iam
292 1251 431 1311 textum
452 1240 545 1315 mihi
567 1240 711 1336 ridear,
733 1253 776 1314 ut
806 1264 884 1313 nnn
906 1262 1023 1337 pauca
1047 1239 1157 1313 etiam
1182 1262 1282 1335 nune

194 1358 355 1434 residere
401 1360 565 1458 doleam,
604 1387 699 1462 quae
738 1361 924 1435 emendari
967 1374 1130 1459 poseant
1180 1359 1281 1452 Quin

197 1508 299 1557 nune
341 1486 487 1583 ipsum,
519 1485 608 1559 dum
651 1488 725 1561 hoe
762 1488 963 1581 volumen,
990 1483 1134 1582 pridem
1167 1508 1190 1556 a
1220 1510 1281 1557 me

200 1608 421 1703 absolutum,
444 1620 620 1707 tanquam
646 1611 783 1683 alienus
796 1621 989 1707 spectator,
1012 1608 1204 1705 perlustro,
1225 1608 1281 1679 vi-

196 1729 250 1801 tia
274 1732 450 1805 nonnulla
479 1729 727 1829 deprehendi,
767 1732 820 1805 rei
840 1755 988 1829 prorsus
1012 1755 1035 1803 a
1061 1754 1123 1802 me
1158 1731 1281 1828 negle-

198 1865 268 1947 eta,
290 1854 347 1925 rel
370 1852 490 1926 minus
515 1852 666 1927 feliciter
687 1834 836 1965 tentate}
863 1852 972 1927 Cuius
996 1851 1151 1950 duplicis
1170 1876 1282 1951 gene·

199 1975 250 2049 rie
271 1976 435 2074 exempla
458 1978 599 2077 aliquot
621 1979 685 2051 hie
706 2003 925 2075 proponam.
976 1977 1187 2074 Pag.9,10.
1212 1999 1281 2073 pro

199 2114 370 2197 corrupto
394 2102 583 2199 θειοτέρας
605 2103 683 2201 lege
708 2103 908 2202 θειοτέρου.
957 2103 1040 2177 Mox
1064 2104 1089 2173 l.
1106 2102 1162 2173 15.
1188 2098 1283 2171 reei-

199 2244 286 2319 pere
318 2220 519 2321 debebam,
548 2225 653 2322 quod
676 2223 908 2298 Hoesehelius
931 2222 1110 2317 coniecit,
1136 2222 1208 2319 ἀφ’
1231 2214 1280 2305 ἦς.

204 2350 262 2437 17,
273 2350 333 2417 21.
347 2370 415 2442 pro
435 2348 472 2417 οἱ
490 2348 556 2441 μὲν
571 2350 640 2444 γὰρ
654 2348 772 2420 scribe
786 2348 823 2417 ei
837 2333 904 2440 μὲν
915 2340 992 2419 οὖν.
1052 2349 1181 2440 18,13.
1196 2345 1283 2437 ἡμῖν

199 2492 327 2541 sanum
345 2482 409 2541 est.
460 2474 521 2565 01,
534 2474 569 2543 0.
583 2471 624 2543 in
632 2471 751 2543 verbis
763 2464 909 2552 ἥπλωτο
925 2469 992 2561 μέν
1008 2472 1055 2565 τῇ
1071 2470 1128 2565 γῇ,
1145 2463 1284 2549 dativus

199 2616 280 2665 non
309 2593 442 2689 habet,
470 2594 570 2667 unde
595 2592 764 2693 pendeat.
814 2593 937 2686 Quare
969 2596 1047 2692 lege
1077 2591 1282 2692 ἐφήιιλωτο.
1420 2576 1426 2586 ’

202 2713 316 2807 Quod
325 2717 478 2789 verbum
501 2718 610 2790 etiam
626 2715 723 2815 apud
733 2718 884 2815 Glyenm
901 2742 939 2815 p.
951 2718 1038 2812 623,
1049 2717 1085 2789 9.
1107 2717 1146 2788 in
1157 2714 1284 2788 vitium

201 2838 304 2933 abiit,
323 2840 519 2913 abelrkero
545 2854 722 2914 notatum.
748 2839 890 2924 Deinde
912 2842 938 2913 1.
952 2846 986 2913 7.
1000 2854 1097 2912 reete
1109 2838 1149 2910 A.
1173 2830 1285 2933 ἐγκεί-

201 2985 321 3054 μενον.
345 2962 419 3037 Nee
443 2963 563 3037 minus
583 2965 742 3063 probum
767 2976 833 3057 est,
854 2961 957 3061 quod
980 2964 1075 3037 L10.
1101 2963 1141 3034 in
1166 2962 1206 3034 G.
1231 2961 1285 3031 le·

202 3087 318 3183 gitur,
346 3087 602 3183 πανταχόθεν.
628 3088 764 3161 Eadem
781 3087 986 3184 corruptele
1009 3112 1047 3184 p.
1060 3090 1122 3178 32,
1136 3080 1193 3156 14,
1212 3085 1286 3156 tol-

198 3208 321 3302 lenda,
345 3210 429 3282 lieet
450 3234 578 3284 omnes
593 3212 677 3284 libri
693 3209 915 3307 πανταχόθι
936 3210 1105 3283 habeant
1155 3201 1284 3303 etit.

200 3335 381 3426 τοσοῦτο,
413 3334 517 3431 quod
551 3335 604 3408 G..
620 3334 702 3430 dat,
734 3360 812 3408 non
834 3334 1088 3431 recipiendum
1117 3344 1194 3403 erat
1216 3356 1285 3427 pro

200 3457 338 3528 rariore
367 3462 555 3539 τοσοῦτος.
613 3458 852 3531 Locutionem
885 3456 1058 3554 exemplis
1087 3478 1170 3526 eum
1195 3454 1287 3525 alio·

200 3602 282 3649 rum
304 3581 522 3679 scriptorum
534 3633 546 3675 ,
567 3595 646 3654 tum
668 3582 782 3680 ipsius
804 3583 930 3654 Annae
952 3608 991 3680 p.
1003 3581 1089 3654 381'.
1101 3579 1139 3650 B.
1162 3576 1288 3650 firma-

201 3702 254 3773 rit
264 3702 417 3774 Lobeek.
442 3703 490 3775 ad
513 3703 645 3799 Phryn.
672 3699 801 3801 pltsslt.
877 3707 938 3797 27,
956 3709 1011 3775 10.
1036 3703 1114 3799 iege
1136 3725 1219 3772 eum
1244 3699 1286 3771 Α.

198 3826 413 3918 perradiare.
465 3825 526 3919 29,
536 3828 570 3899 6.
589 3850 658 3924 pro
674 3827 805 3899 vitioso
829 3817 1064 3919 ἀπελάττειν,
1088 3848 1188 3897 nunc
1211 3848 1289 3895 non

202 3926 348 4043 dubini,
374 3950 465 4047 quin
477 3948 690 4047 reponenda
704 3951 751 4023 sit
769 3950 877 4023 lectio
891 3947 932 4019 Α.
957 3948 1176 4049 φυλάττειν.
1225 3950 1288 4040 37,

201 4074 235 4143 5.
260 4071 459 4165 μεμηνόσιν
493 4070 588 4168 ἐῴκει
612 4070 675 4143 καὶ
706 4066 790 4143 οὔτε
816 4066 1004 4172 ῥᾳστώνης
1036 4073 1075 4144 ἐν
1099 4070 1208 4167 χρεία
1232 4062 1285 4150 ἦν.

201 4192 343 4269 Fnretra
367 4196 509 4273 conieci
533 4192 597 4269 καὶ
621 4190 704 4268 οὔτι
728 4218 776 4291 νε.
801 4194 896 4293 Lege
925 4190 990 4267 καὶ
1013 4194 1058 4266 οὐ
1081 4198 1145 4275 τῆς
1167 4192 1201 4291 f>-
1233 4193 1286 4265 lta

469 4372 486 4426 b
