3042 4909
304 263 365 354 68
661 281 797 346 snssn
826 275 1046 347 commis
1101 291 1103 297 ¹

307 444 450 528 ιιρίνατο,
485 433 563 519 πρός
583 433 620 496 tt
639 429 815 495 rivarium
837 425 1004 508 ἐπιστολὴν
1027 417 1221 506 διεχόραξεν.
1262 410 1328 499 εἶχε
1349 420 1395 481 δὲ

274 540 345 611 Ιντό
366 542 423 622 τῆς
443 535 608 614 ἐπιστολῆς
629 522 694 594 οόδέ
713 552 789 605 πως.
817 528 889 613 “egi
902 522 1030 611 μεγάλην
1051 520 1200 604 ἀρχιερεῖ
1214 521 1270 581 καί
1288 514 1395 602 κυρίῳ

306 663 370 722 μου
390 636 588 715 Ῥομπέρτος
617 626 692 705 δοόξ
722 628 756 691 όν
784 628 876 713 „imp”
916 620 973 706 τη“ν
1003 621 1206 704 γεγενημένην
1226 613 1306 679 κατὰ
1327 616 1397 678 σοῦ

305 741 369 803 ταῖν
389 736 516 817 ε’χθρῶν
535 726 649 814 ἔφοδον
671 722 868 811 διακηκοοός,
889 722 928 784 οό
952 718 1034 784 πόνυ
1062 742 1093 781 τι
1112 718 1152 803 τῇ
1173 715 1250 801 α’κοῇ
1272 735 1394 796 προσε-

275 838 425 921 ,θὲμηη
445 826 539 903 εἶδός
561 826 605 899 ὥς
625 824 682 887 osis
703 817 743 887 ἄν
761 846 810 897 τις
831 817 1012 903 τολμήσειεν
1036 812 1174 899 όντόὶραί
1192 836 1242 877 σοι
1261 820 1428 895 χεῖρας.5

305 936 353 1010 τίς
371 932 433 1015 γὰρ
455 925 534 993 κοντοὶ
547 922 699 990 τοσούτου
712 920 830 1005 πατρός
849 915 1088 1000 ἐπιχειρήσειεν,
1112 916 1142 977 εί
1158 910 1202 994 μή
1224 914 1393 993 μαίνοιτος

308 1034 366 1111 ἐμὲ
387 1033 423 1094 δὲ
443 1026 513 1092 ἴσθι
534 1022 615 1107 πρός
634 1022 771 1101 πόλεμον
791 1018 971 1100 βαρότατον
983 1008 1219 1091 ἐξοπλιζόμενον
1239 1008 1293 1074 καί
1309 1005 1396 1091 πρός

228 1144 258 1195 P.
269 1144 300 1211 34
310 1128 402 1204 ἔθνος
428 1120 729 1203 δυσκαταγώνιστον.
773 1117 933 1197 Ῥωμαῖοι
954 1112 1013 1197 γόρ
1035 1114 1097 1177 εἰσι
1119 1109 1198 1194 πρὸς
1219 1106 1275 1184 orig
1295 1108 1312 1171 ό
1332 1107 1395 1171 πό-

224 1240 297 1295 Ήι
310 1235 423 1307 λεμος,
443 1223 476 1287 οἳ
493 1223 599 1284 πᾶσαν
619 1222 677 1300 γῆν
700 1214 756 1280 καί
770 1218 936 1279 θάλασσαν
957 1214 1116 1297 τροπαίων
1137 1212 1321 1292 ἐνέπλησαν.
1340 1208 1398 1270 σοι“

309 1328 347 1389 δὲ
368 1325 438 1387 ἀλλ’
468 1318 530 1385 α’πό
567 1320 676 1399 ψυχῆς
707 1316 844 1398 βαθείας
869 1318 974 1377 πίστιν
994 1306 1184 1395 tpicimir
1203 1310 1258 1371 κατ’
1276 1307 1396 1387 καιροῦ
1410 1324 1456 1363 to

309 1424 478 1494 καλοῦντος
497 1400 727 1498 παρόσχοιμι.”
776 1409 879 1488 οότοος
909 1413 1023 1484 ἐκεῖνος
1045 1412 1099 1472 καί
1121 1407 1309 1493 ἀμφοτέρων
1329 1408 1396 1469 τῶν

309 1524 357 1596 είς
383 1519 570 1600 συμμαχίαν
598 1514 779 1576 καλούντων
806 1510 881 1587 τοός
901 1512 1064 1595 πρέσβεις,
1092 1506 1167 1580 τοός
1186 1508 1244 1585 μὲν
1264 1508 1305 1591 τῇ
1324 1506 1395 1568 εἰει-

310 1621 408 1705 στολῇ
425 1613 548 1700 ταότη,
576 1611 651 1687 τοός
665 1612 708 1676 ,δὲ
727 1615 874 1685 πιθανοῖς
902 1607 968 1674 τισί
996 1608 1099 1690 λόγοις
1128 1600 1398 1691 διακρουσάμενος

311 1718 532 1795 ἀπεπέμψατο.

399 1815 446 1895 τό.
494 1808 593 1876 Ἀλλό
621 1807 667 1892 μὴ
700 1810 854 1892 παρῶμεν
874 1803 914 1870 τοὶ
943 1802 1023 1870 κατὰ
1042 1801 1280 1888 Λογγιβαρδίαν
1309 1801 1397 1887 αὐτῷ
1412 1800 1454 1861 15

312 1911 570 1992 διαπεπραγμένοι
591 1906 666 1992 πρίν
683 1903 771 1990 ἥκειν
792 1906 836 1979 εἰς
862 1901 917 1967 τόν
938 1905 1079 1968 Λόλυῖνα
1100 1901 1160 1968 σόν
1179 1904 1224 1990 τῷ
1243 1896 1398 1981 στροτεό-

311 2033 399 2089 ματι.
441 2007 458 2071 ό
479 2003 621 2089 μὲνγὰρ
645 2005 700 2069 καί
718 1998 823 2078 ἄλλως
846 1994 887 2087 ἦν
906 2000 1090 2087 τυραννικός
1110 1998 1189 2085 α’νηρ
1210 2002 1267 2064 καί
1284 1994 1397 2081 πιιιρό·

285 2128 430 2188 Βτοιτος,
452 2103 522 2171 τότε
543 2106 579 2169 δὲ
610 2108 666 2167 καί
679 2099 827 2186 Ἡρώδου
858 2109 999 2182 μιμεῖται
1024 2103 1149 2181 μανίαν.
1189 2100 1233 2183 μη
1255 2096 1314 2181 γόρ
1337 2097 1399 2179 α’ρ-

314 2207 464 2286 κοόμενος
482 2212 546 2278 τοϊς
561 2204 715 2266 όνὲκαθεν
734 2202 992 2283 ἐστρατευμένοις
1012 2199 1147 2283 α’νδρόσι
1163 2197 1218 2261 καί
1236 2196 1316 2279 πρός
1333 2194 1397 2278 μα’-

313 2330 375 2388 χην
394 2306 610 2381 ἐπισταμένοις
630 2298 833 2378 ὁπλίζεσθαι,
857 2294 1076 2362 νεοσύλλεκτον
1095 2306 1228 2361 ποιεῖται
1248 2294 1453 2379 στρότευ-εο

315 2429 372 2484 μα,
392 2404 551 2484 μηδεμιᾶς
574 2397 758 2482 φειδόμενος
779 2396 916 2479 ἡλικίας·
960 2396 1039 2461 silici
1058 2396 1114 2460 καί
1133 2394 1191 2481 την
1211 2393 1326 2478 ἔξωρον
1346 2392 1403 2457 καὶ

309 2498 373 2582 ,την
403 2492 507 2583 όωρον
550 2492 751 2577 πανταχόθεν
782 2492 986 2577 συναγηοχιός
1021 2497 1259 2579 Λογγιβαρδίας
1283 2516 1317 2557 τε
1345 2490 1402 2557 κατ’

311 2597 503 2682 Ἀπουληῖας
522 2599 568 2669 εἰς
588 2591 703 2658 ἑαυτόν
723 2590 940 2678 ἐφειλκύσατο.
983 2597 1037 2659 καί
1054 2584 1094 2678 ἦν
1112 2596 1190 2659 ἰδεῖν
1210 2591 1265 2658 καί
1283 2592 1400 2666 παῖδας

309 2746 315 2753 ¹
390 2778 415 2828 3.
436 2768 521 2836 δοόξι
542 2772 591 2844 (iii
608 2774 638 2825 l·
749 2794 774 2847 η.
792 2776 1007 2851 ἐξοπληεόμενον
1025 2778 1053 2831 Ρ.
1162 2794 1201 2829 ιο.
1220 2775 1278 2830 ἀλλ’
1298 2792 1349 2829 om.
1368 2774 1401 2831 G.

388 2849 431 2898 23.
450 2846 640 2917 (ἐφειλκύσατο
662 2846 691 2902 Ρ.
734 2898 737 2903 .

320 3008 375 3059 alio
395 3006 475 3058 modo
492 3022 544 3059 nec
566 3023 615 3075 per
632 3006 737 3059 litteras
755 3006 911 3078 respondit3
937 3024 1024 3080 papae
1043 3014 1134 3059 nutem
1154 3006 1296 3077 epistolam
1314 3006 1400 3069 misit,

320 3094 393 3148 quse
409 3077 451 3128 his
468 3077 525 3128 iere
542 3078 631 3128 verbis
651 3078 800 3147 nonscripta
814 3088 879 3130 emt.
898 3086 1017 3130 “summo
1032 3077 1152 3147 pontifici
1167 3086 1195 3129 et
1211 3072 1319 3127 demina
1342 3092 1400 3128 meo

320 3148 455 3201 liobertus
476 3146 531 3199 dux
546 3148 576 3199 in
597 3146 657 3199 deo.
674 3149 853 3200 incursionem
877 3150 906 3201 in
932 3158 960 3200 te
980 3148 1099 3201 hostium
1114 3148 1172 3199 lieri
1191 3164 1250 3198 cum
1268 3146 1401 3210 audirem,

321 3220 370 3270 diu
391 3219 477 3269 ismae
497 3217 578 3269 fidem
594 3234 649 3269 non
666 3217 759 3269 habui.
790 3220 892 3287 quippe
917 3218 982 3270 mihi
999 3236 1152 3289 persuasum
1178 3226 1252 3279 erat,
1270 3219 1402 3269 neminem
1461 3268 1463 3275 Α

322 3289 487 3340 ausurumin
499 3295 526 3338 te
544 3288 688 3355 insurgere.
709 3289 771 3357 quis
783 3290 864 3351 enim,
880 3290 933 3341 nisi
961 3291 1050 3341 lurore
1062 3306 1171 3351 amens,
1188 3304 1261 3341 arma
1277 3288 1402 3339 adversus

322 3367 429 3411 tantum
452 3366 555 3427 patrem
573 3358 682 3427 capiat?
697 3374 739 3409 me
761 3376 824 3411 vero
848 3361 915 3411 scias
942 3362 1123 3428 gravissimum
1149 3375 1277 3429 apparere
1302 3358 1402 3409 beilum

324 3447 385 3480 cnm
403 3438 482 3495 gente
498 3428 652 3479 fortissima.
677 3429 778 3481 etenim
805 3446 864 3481 cum
892 3432 1017 3482 Romanis
1034 3430 1103 3482 mihi
1119 3446 1160 3481 res
1178 3439 1237 3493 est,
1254 3430 1301 3498 qui
1322 3437 1403 3481 terras

325 3508 355 3551 et
370 3500 452 3549 maria
481 3498 572 3549 omnia
593 3497 731 3566 trophaeis
759 3500 946 3569 impleverunt.
973 3501 1024 3553 tibi
1048 3510 1135 3552 autem
1153 3500 1233 3551 fidem
1250 3516 1284 3550 ex
1311 3500 1404 3551 intimo

325 3571 416 3621 animo
434 3584 476 3619 me
496 3566 596 3619 debere
614 3568 758 3637 profiteor,
785 3588 882 3639 quam,
908 3588 966 3621 cum
990 3589 1058 3640 opus
1084 3573 1148 3635 erit,
1175 3568 1343 3639 praestabo.''
1367 3570 1405 3620 sic

326 3649 467 3708 utrumque
485 3638 585 3689 auxilia
606 3647 758 3708 petentem,
779 3642 891 3691 aiterum
908 3643 983 3694 hisce
1002 3642 1116 3707 litteris,
1136 3642 1250 3693 aiterum
1266 3638 1404 3693 verborum

326 3710 440 3760 fallaciis
458 3708 546 3761 elusit·

397 3781 436 3845 sl.
473 3778 526 3830 Sed
543 3794 578 3829 ne
600 3780 769 3841 omittamus,
798 3782 909 3851 quaein
929 3780 1107 3851 Longibaniis
1135 3784 1234 3852 gessit,
1262 3788 1404 3849 antequam

325 3848 457 3900 Anionem
475 3866 535 3899 cum
554 3852 671 3901 exercitu
692 3851 833 3903 traiiceret.
856 3854 879 3902 is
907 3854 977 3903 enim
1004 3870 1062 3903 cum
1079 3854 1198 3921 alioquin
1218 3854 1306 3905 animo
1323 3854 1405 3920 impe-

329 3920 399 3969 rioso
418 3928 447 3969 et
464 3936 542 3973 saevo
561 3930 640 3981 esset,
659 3930 716 3971 tnm
733 3936 796 3971 sero
817 3921 930 3975 Herodis
947 3924 1137 3975 immanitatem
1155 3924 1316 3983 aemulatus,
1341 3938 1405 3990 quo-

328 3992 400 4039 niam
421 3988 521 4039 milites
538 3992 657 4041 veterani
674 4008 859 4059 armorumque
879 3994 959 4060 periti
977 4011 1031 4045 non
1048 3992 1206 4053 sufficerent,
1223 3995 1253 4045 in
1274 4008 1343 4045 novo
1361 3992 1405 4043 sis-

328 4060 401 4109 lectn
419 4057 546 4109 habendo
563 4062 633 4111 nniii
653 4060 733 4128 plane
751 4062 833 4111 aetati
857 4064 995 4131 pepercit,
1015 4062 1063 4114 sed
1081 4066 1206 4115 emeritos
1225 4080 1310 4133 neque
1329 4070 1406 4131 etque

329 4129 484 4180 immaturos
501 4145 549 4200 per
567 4133 716 4183 universam
725 4130 930 4201 longibareiiun
947 4142 975 4187 et
986 4134 1113 4206 Apuliam
1128 4135 1158 4187 in
1175 4136 1298 4187 militiam
1315 4134 1406 4201 coegit·
