3042 4909
569 302 812 368 PRAEFATIO·
1181 308 1237 369 XV

118 464 213 535 τοῦ
232 452 485 553 Βαῑμούνδοο·
537 460 600 531 καὶ
623 460 751 533 ὁπόσα
784 464 1120 561 ἐπραγματεύσατο
1143 464 1242 534 κατὰ
1313 460 1322 477 ’

118 578 211 655 τοῦ
235 577 415 680 βασιλέως
438 582 507 665 τὴν
530 580 728 680 βασιλείαν
752 585 925 683 γορεύων·
950 582 1013 655 καὶ
1024 578 1119 667 ὅπως
1143 588 1240 679 μετὰ

118 706 315 805 πονηρίας
340 704 504 805 ἐξέφυγε·
531 706 593 778 καὶ
619 708 664 789 ὡς
688 707 809 803 νεκρός
835 710 884 789 εἰς
907 709 977 791 τὴν
1000 710 1147 808 κορυφὼ
1174 735 1239 779 κα-

122 832 313 929 τέλαβεν,
344 822 409 927 ἤδη
435 828 661 927 ἐγράφησαν.
723 826 866 923 Λεγὲτω
891 822 932 901 δέ
957 828 1021 900 καὶ
1045 824 1122 900 όσα
1145 831 1242 924 μετὰ

127 954 270 1031 ταῦτα
295 956 507 1056 εἰργάσατο.
560 955 658 1027 Folia
681 954 1006 1053 impietundeeim,
1032 954 1241 1053 desinitque

130 1084 183 1155 in
208 1080 302 1155 hoec
326 1080 455 1153 verba:
481 1078 502 1145 ὁ
532 1074 707 1173 βασιλεὺς
738 1070 781 1147 δέ
806 1078 1040 1174 φρονήματος
1061 1073 1108 1151 όν
1131 1080 1242 1172 μεγά-

132 1204 232 1289 λου,
257 1200 319 1273 καὶ
344 1200 469 1297 ψυχὴν
495 1194 716 1300 α’νανδρεὶαν
742 1201 876 1287 (immo
909 1197 1103 1298 ἀνδρείαν)
1127 1197 1241 1300 ἔχων,
1342 1268 1346 1277 ,

129 1324 238 1395 λύων
254 1322 301 1394 τό
323 1316 499 1415 ὑπόδημα
524 1318 661 1411 αὐτοῦ,
686 1322 730 1393 ού
756 1324 990 1406 συνεστάλη·
1041 1327 1128 1396 ἀλλ’
1153 1324 1241 1399 εἶπε·

134 1446 233 1545 πρὸς
244 1445 291 1517 τὸ
308 1446 427 1545 παρόν
446 1442 488 1530 ἃς
502 1450 692 1543 ὑπάγωμεν
707 1444 771 1521 ἵνα
785 1449 975 1547 φάγωμεν·
1003 1448 1066 1519 καὶ
1081 1450 1242 1522 τὰκατά

134 1578 212 1643 τοῦ
221 1566 457 1665 Βαῖμσύνδου
472 1572 585 1643 πάλιν
607 1566 671 1642 ἵνα
696 1569 927 1665 σκεψόμεθα.
955 1574 1134 1647 Proximis
1147 1574 1243 1647 toliis

138 1690 358 1791 quindecim
385 1694 594 1765 continetur
607 1694 776 1791 Epitome
800 1695 886 1769 libri
899 1694 1009 1791 xsst,
1032 1697 1107 1770 hoc
1118 1697 1241 1772 titulo:

135 1814 354 1892 ΑΛΕΞΙΑΟ
382 1814 787 1889 TPICKAIAEKATH.
807 1819 953 1893 Initium
972 1836 1044 1894 est:
1068 1818 1242 1907 Ἐξεπλά-

135 1966 259 2035 γησαν
283 1943 350 2035 μὲν
369 1934 434 2015 οὖν
453 1936 613 2024 ἅπαντες
637 1943 706 2024 τόν
727 1938 900 2045 ρ’νδρείαν
917 1942 981 2014 καὶ
1000 1944 1067 2027 τὴν
1084 1946 1240 2044 στερρό-
1316 1929 1320 1939 '

133 2047 314 2149 omanis
333 2062 401 2136 τοῦ
417 2060 595 2161 βασιλέως
609 2058 748 2160 ψυχῆς·
774 2064 890 2148 αὐτὸς
905 2061 947 2139 tt
966 2064 1057 2138 τότε
1075 2066 1165 2165 πρὸς
1188 2068 1241 2139 τὰ
1281 2128 1290 2147 ,

134 2191 342 2283 μηνύματα
358 2192 479 2262 ἐκεῖνα
498 2188 542 2259 ού
564 2188 860 2288 κατεφρόνησεν·
888 2187 972 2261 ἀλλ’
995 2186 1133 2262 ἔσωθεν
1157 2190 1240 2289 περὶ

137 2314 210 2385 τὸν
232 2314 411 2409 λογισμὸν
428 2312 547 2384 αύτοῦ
562 2315 703 2397 πολλὴν
715 2308 795 2412 εἶχε
811 2315 880 2396 τὴν
895 2316 1077 2414 ταραχὴν.
1116 2313 1237 2389 διελο-

139 2434 277 2533 γίσατο
297 2414 363 2510 οὖν
385 2433 448 2509 ἵνα
470 2434 597 2523 ἐξέλθη
624 2436 699 2509 άπὸ
725 2423 964 2521 τῆηπόλεως·
1023 2438 1087 2510 καὶ
1114 2431 1240 2511 ταύτα

141 2558 206 2633 καὶ
231 2563 269 2631 ἐν
293 2557 340 2660 τῇ
363 2558 471 2631 πόλει
495 2558 585 2631 τότε
618 2560 824 2659 πράγματα
858 2556 957 2633 ὄντα
984 2568 1152 2660 ταραχῆς
1182 2564 1239 2658 γέ-

140 2709 279 2781 μοντα·
329 2678 425 2779 ὅμως
449 2678 798 2785 ἐξασφαλισάμενος
822 2686 938 2769 καλῶς
952 2686 1067 2791 τάκέν
1090 2694 1238 2817 τῷὶπα-

141 2808 259 2905 tarto
283 2807 347 2879 καὶ
380 2808 431 2880 τὰ
465 2812 528 2891 τῆς
552 2806 707 2895 πόλεως,
741 2807 805 2879 καὶ
833 2812 882 2892 εἰς
908 2808 1070 2908 φύλαξιν
1094 2814 1237 2884 τούτων

141 2930 371 3025 καταλείψας
401 2934 470 3007 τὸν
501 2932 616 3029 μέγαν
649 2930 863 3033 δρογγάριον
893 2940 964 3007 τοῦ
992 2936 1135 3011 στόλου
1167 2937 1236 3008 τὸν

66 3066 72 3081 ’
142 3062 320 3158 εὐνούχων
341 3058 559 3131 Εοστάθιον
583 3057 652 3131 τὸν
677 3036 911 3153 κομινιανὸν·
946 3060 1104 3133 καὶτὸν
1129 3065 1237 3143 Νικη-

143 3184 261 3285 φόρον
282 3180 351 3255 τοῧ
370 3176 523 3255 δεκανοῦ
544 3182 746 3279 λεγόμενον.
799 3178 924 3267 Ούτως
946 3180 1137 3285 ἐξέρχεται
1159 3187 1237 3256 ἀπὸ

142 3313 203 3391 τῆς
228 3306 364 3390 πόλεως
387 3306 484 3401 μετὰ
509 3304 639 3401 ὀλίγων
664 3313 736 3381 τόν
772 3302 892 3379 αύτόὗ
916 3314 1110 3404 συγγενῶν,
1136 3309 1237 3380 κατὰ

143 3432 208 3521 τὴν
230 3431 373 3534 πρώτην
405 3438 475 3504 τοῦ
497 3430 707 3531 Νοεμβρίου
738 3432 866 3526 μηνὸς,
899 3428 1120 3516 ἱνδικτιάνος
1143 3430 1236 3533 πρά·

142 3582 213 3641 της.
262 3556 325 3628 καὶ
355 3557 564 3655 ἀπέρχεται
596 3558 645 3639 εἰς
675 3556 722 3629 τό
753 3552 815 3642 ἔξω
847 3557 1050 3652 λεγόμενον·
1071 3558 1236 3657 Γεράνιν.

143 3676 230 3755 ἔνθα
252 3668 417 3765 ἔστησαν
443 3683 484 3752 αἱ
513 3680 708 3781 βασιλικαὶ
738 3681 879 3757 τένται,
936 3688 978 3754 Ιιι
1001 3681 1076 3753 fine
1102 3682 1235 3756 desunt

142 3807 326 3881 nonnulla.
381 3805 484 3899 Quae
510 3810 609 3881 enim
635 3808 687 3880 ibi
710 3808 895 3905 leguntur:
919 3806 1084 3902 Πρσοέτι
1110 3808 1234 3901 ὀμνύω

143 3927 202 4000 καὶ
227 3933 426 4029 συμφωνῶ,
452 3930 496 4011 ὡς
519 3928 609 4001 ὅσαι
634 3929 758 4012 πόλεις
782 3928 846 4001 καὶ
870 3933 989 4030 χάραν
1015 3982 1024 4002 .
1053 3983 1062 4001 .
1089 3982 1099 3999 .
1127 3982 1165 4019 .,
1190 3956 1234 4003 ea

144 4079 217 4127 non
240 4055 335 4127 ultra
364 4056 610 4129 narrationem
643 4055 769 4129 Annae
803 4082 840 4153 p.
856 4051 998 4127 listi).
1034 4056 1230 4152 pertinent

145 4177 307 4279 Denique
334 4181 501 4279 Epitome
523 4182 605 4257 iibri
621 4180 678 4255 xl.
705 4176 892 4281 sequitur,
918 4164 953 4253 ei
977 4182 1083 4253 titulo
1109 4192 1146 4259 et
1171 4200 1233 4252 ca-
