3042 4909
535 412 777 480 assumto.
1130 418 1198 481 xx!

100 555 251 653 spicere
269 553 444 647 licuisset,
468 580 580 652 quem
605 557 643 629 in
667 556 764 629 Petri
781 556 898 651 Fabri,
919 552 990 629 lCti
1013 556 1201 652 Tolosani,

102 678 386 751 Commentario
412 678 459 751 ad
472 679 553 777 bag.
568 680 607 751 ll.
635 678 682 752 de
707 680 790 752 lust.
817 693 854 751 et
874 680 954 753 lure
976 683 1112 778 p-751.
1139 704 1200 751 ex-

102 818 221 899 stare,
246 803 449 901 Ducangius
470 803 517 877 ad
533 802 764 877 dnnComn.
793 804 834 876 ll.
847 809 882 878 8.
908 830 945 901 p.
962 800 1045 900 114,
1063 807 1120 877 19.
1145 819 1202 879 tc·

101 942 238 999 statur.
298 928 431 999 Verum
466 928 565 999 hunc
596 926 929 1024 Commentarium,
953 930 1020 1001 etsi
1041 929 1202 1002 studiose

104 1052 289 1149 quaesivi,
313 1052 474 1125 nancisci
492 1078 568 1124 non
583 1052 700 1149 potui.
800 1052 899 1124 Alter
922 1052 1037 1125 codex
1061 1066 1116 1125 est
1131 1054 1202 1126 Va-

103 1175 270 1269 ticanus,
295 1176 361 1271 qui
387 1199 470 1247 cum
501 1186 653 1247 exeunte
684 1174 827 1247 saeculo
851 1176 1020 1273 proximo
1042 1179 1159 1249 Roma
1180 1202 1202 1249 a

108 1296 353 1395 Francogallis
373 1297 530 1368 Parisios
555 1298 693 1369 ablaurs
717 1310 829 1393 esset,
855 1296 903 1369 ad
926 1299 1115 1395 pristinam
1142 1325 1201 1373 se-

109 1420 202 1493 dem
215 1418 356 1493 dudum
369 1418 489 1493 rediit.
507 1420 589 1491 Eius
601 1422 828 1493 mentionem
840 1421 1002 1494 iecerunt
1012 1422 1074 1494 Ste
1084 1411 1203 1517 Croix,

107 1544 274 1617 Examen
298 1544 453 1641 critiqrre
477 1542 542 1616 des
572 1544 719 1616 anciens
747 1544 943 1619 historiens
967 1543 1203 1617 d'tllexandre

108 1668 146 1741 le
174 1666 319 1761 Grand,
353 1692 424 1739 sec.
451 1666 537 1740 edit.
574 1691 612 1764 p.
628 1669 711 1741 759.
738 1682 776 1741 et
807 1668 901 1741 Frid.
926 1668 1079 1740 Wilken.
1112 1666 1200 1739 llist

110 1788 245 1862 Comn.
259 1790 377 1887 va.
427 1790 543 1863 illinus
564 1804 661 1863 reete
685 1804 873 1888 postremo
895 1792 937 1863 in
959 1791 1043 1863 loco
1060 1790 1203 1863 Vatica-

111 1938 184 1987 nus
208 1914 298 1985 alter
320 1914 530 2011 appellatur.
590 1915 698 1987 Error
723 1914 827 2012 inde,
852 1929 894 1988 ut
919 1916 1070 2013 opinor,
1090 1915 1205 2009 venit,

113 2037 220 2135 quod
241 2038 422 2111 Fabricius
450 2038 488 2111 in
513 2039 605 2111 Bibl.
631 2038 755 2111 Graec.
779 2039 940 2113 votvll.
964 2064 1001 2137 p.
1018 2042 1102 2111 727.
1137 2063 1202 2110 co-

112 2160 249 2256 dicem,
271 2187 347 2258 quo
364 2161 534 2233 Possiuus
558 2186 643 2235 usus
668 2176 734 2256 est,
757 2162 968 2235 Vaticanum
994 2161 1096 2247 dixit,
1118 2186 1201 2233 cum

112 2286 223 2359 fuerit
248 2285 493 2356 Bibliothecae
518 2285 748 2356 Barherinae.
808 2286 840 2357 ls
870 2286 978 2383 igitur
993 2257 1100 2355 'liber
1119 2309 1202 2355 vere

112 2408 303 2481 Vaticanus
338 2409 377 2481 in
412 2406 611 2502 schedulis,
644 2406 888 2483 aNiebuhrio
920 2407 1014 2480 mihi
1040 2406 1203 2501 traditis,

113 2533 378 2604 accuratissime
411 2531 464 2603 sic
497 2530 726 2603 describitur:
757 2529 907 2625 „Codex
937 2531 1203 2627 bombycinus,

112 2656 230 2729 forma
254 2657 429 2749 maxima,
459 2656 552 2727 soliis
574 2657 679 2750 392,
703 2656 788 2727 satis
812 2655 991 2727 luculenta
1018 2668 1054 2725 et
1072 2651 1201 2752 grandi

112 2762 245 2872 littera,
267 2780 409 2851 saeculo
434 2778 519 2851 xvl.
546 2792 706 2851 exaratus
739 2792 802 2851 cst.
853 2778 894 2851 ln
922 2802 967 2849 eo
992 2778 1201 2849 continetur

112 2904 238 2977 Annae
263 2901 472 2975 Comnenae
496 2902 634 2975 Alexias
666 2901 772 2975 initio
806 2914 843 2973 et
874 2900 947 2973 fine
969 2901 1106 2973 mutila.
1156 2904 1200 2973 In

114 3052 191 3101 uno
216 3052 259 3099 ex
283 3028 379 3099 loliis
414 3026 611 3099 chartaceis
645 3024 814 3122 praefixis
843 3023 935 3095 haec
959 3025 1091 3120 scripta
1115 3037 1200 3095 sunt

112 3176 225 3225 manu
249 3152 360 3225 Fulvii
384 3151 519 3223 Ursini:
543 3148 683 3221 “Annae
698 3146 906 3220 Comnenae
923 3146 1072 3219 Alexias.
1097 3145 1200 3216 Ἀλο-

111 3270 200 3361 ξιάς.
250 3276 420 3373 Emptum
438 3300 482 3347 ex
504 3275 607 3347 libris
629 3270 820 3347 cardinalis
842 3270 998 3365 Sirleti’',
1020 3270 1117 3343 tituli
1140 3271 1200 3343 in·

111 3413 206 3497 sur,
233 3424 318 3472 nam
334 3424 426 3497 opus
450 3400 569 3497 ipsum
590 3396 800 3495 imperfecte
816 3394 946 3493 incipit
966 3395 1063 3467 foll.
1086 3407 1200 3490 recto,

110 3526 256 3618 μᾶλλον
280 3520 414 3596 τοῦτον
438 3522 636 3605 κατέτλους
668 3524 756 3609 (sic)
781 3523 927 3593 ἐκεῖνον·
950 3514 1031 3613 ἅμα
1055 3518 1122 3612 μὲν
1136 3517 1200 3589 καὶ

110 3648 178 3730 τὴν
210 3643 401 3745 ταχίστην
434 3647 608 3719 κέλατθον
641 3647 730 3739 (sic)
764 3646 1066 3744 προαιρούμενος,
1105 3668 1200 3740 quac

110 3774 222 3847 rerba
246 3773 414 3846 incidunt
438 3772 478 3844 in
497 3772 598 3845 lib.l.
625 3769 911 3867 ed.lleg.1651.
936 3768 997 3841 sol.
1022 3792 1061 3865 p.
1078 3772 1139 3841 37.
1153 3767 1196 3837 D.

111 3897 253 3971 Desinit
263 3897 325 3969 iol.
339 3898 423 3973 391.
447 3916 572 3969 versor
598 3895 645 3987 pi
671 3892 734 3964 καὶ
760 3892 1034 3993 ἀναγράφοντες
1056 3889 1107 3963 ad
1132 3892 1199 3960 λο-

110 4017 206 4117 πηροί
229 4020 310 4106 (1τίο
324 4020 451 4095 lacuna
474 4018 672 4105 indicatur)
695 4012 1033 4115 ἐμπτκραινοέμεθα.
1085 4014 1199 4086 Dein-

112 4168 197 4242 ceps
222 4144 283 4219 iol.
309 4146 394 4217 392.
419 4156 521 4217 recto
542 4144 707 4216 maximis
736 4142 930 4238 rubrisque
960 4140 1087 4213 litteris
1109 4138 1197 4209 sub·

110 4268 257 4369 scriptio
281 4269 426 4368 legitur:
448 4268 552 4351 τέλος
575 4268 645 4341 σὺν
661 4263 734 4366 θεῷ
750 4261 819 4339 τοῦ
834 4264 1015 4365 παρόντος
1038 4255 1195 4360 βιβλίον.
