3042 4909
500 350 710 417 anaxarus
740 352 815 416 un.
844 355 885 416 u.
912 352 944 413 o.
1176 322 1254 409 '105

176 508 381 586 ταλαβόντες,
399 502 499 589 ταύτῃ
520 526 553 567 τε
572 498 791 567 συνετάττοντο
810 502 864 567 ἐπὶ
880 504 924 589 τῷ
944 496 1121 581 ἐξελαύνειν
1137 500 1258 565 ἐκεῖθεν

178 609 234 669 καί
253 606 283 669 Γ
280 607 411 686 ευτ’ργιον
435 601 489 667 τὸν
508 599 728 683 Παλαιολόγσν
759 602 926 667 ἀνέπειθον
946 606 1019 683 μεθ’
1039 594 1162 666 lavaur
1181 608 1259 665 συλ-

177 709 285 786 λαβεῖν
304 704 359 768 κατ’
375 703 582 783 συναπαίρειν
601 700 711 778 αῦτοῖς
730 701 968 786 κατηνάγκαζον.
994 692 1082 767 olum
1098 699 1160 785 γάρ
1179 694 1260 783 ἦσαν

176 801 299 887 ἔτφορα
317 801 357 867 τοὶ
377 805 445 865 κατ’
470 799 587 877 αύτούς
606 802 737 880 θέμενοι
761 796 841 883 πρὸς
863 799 917 865 τὸν
936 794 1038 884 ἀνδρα
1059 802 1103 865 δι’
1120 799 1261 883 ῦποψίαν

146 896 394 986 5εάπρόσωπον.
447 893 487 984 ἦν
505 896 565 984 γὰρ
587 895 721 985 ῦπαεῆρ
738 900 797 966 τοῦ
815 902 846 965 Γ
843 904 975 983 εαργιόυ
993 900 1125 964 τουτουῒ
1138 900 1181 988 τῷ
1199 904 1260 981 βα·
1372 968 1376 973 ,

175 1006 263 1067 σιλεϊ
277 999 492 1075 εῦνοῦστατυς,
512 1002 546 1074 ἐς
576 996 616 1062 τῦ
643 995 800 1079 μάλιστα,
835 996 890 1063 καὶ
905 1001 962 1083 τῆς
980 994 1127 1081 τοιαύτης
1145 1001 1261 1082 βουλῆς

174 1099 258 1183 πρὸς
274 1102 383 1163 τοῦτον
402 1094 626 1182 ἀπογύμνωσις
645 1098 893 1174 αάιιάιιιλιῦυνος.
934 1095 975 1161 τὰ
994 1100 1054 1179 μὲν
1073 1090 1131 1162 οῦν
1149 1101 1260 1183 προῦτα

176 1198 196 1261 ri
217 1196 440 1280 Παλαιολόγος
458 1195 538 1281 πρὸς
561 1196 693 1273 τούτους
719 1196 777 1265 ὀῦκ
797 1190 882 1281 εἶχεν
906 1188 1088 1280 εῦοῦούγιος,
1113 1194 1213 1262 πολλά
1226 1221 1261 1264 τε

175 1295 422 1379 ἀνατεινόμενος
445 1299 501 1361 κατ’
517 1297 764 1381 προσονειδιζιον
785 1296 821 1360 τύ
848 1296 893 1371 εἷς
912 1298 1028 1361 ἐκεῖνον
1049 1296 1167 1362 τοῦτον
1184 1295 1262 1381 βού-

129 1404 262 1482 Ιολημα
281 1394 338 1460 καὶ
356 1390 406 1459 ὅτι
425 1389 574 1478 ῦστερον,
594 1398 688 1460 τοῦτο
713 1394 752 1480 δη
779 1393 815 1460 τὸ
836 1400 1165 1479 πεπαροιμιασμὲνον,
1186 1398 1262 1461 νοῦν

174 1496 319 1571 οἴσοντες
346 1492 402 1559 κατ’
426 1495 540 1559 τοῦτον
566 1494 803 1561 ἀνακαλοῦνται.
846 1496 917 1561 ε’πεῦ
934 1497 969 1560 ἀὲ
990 1494 1045 1559 καὶ
1064 1494 1083 1577 ἦ
1104 1501 1262 1580 πρωτοβι·
1347 1494 1350 1501 “

174 1597 306 1678 στιαρίοι
337 1590 437 1676 ἢτοῦ
458 1590 687 1677 Παλαιολόγου
716 1594 856 1679 πενθερὰ
876 1600 990 1679 βαρεῖα
1011 1596 1142 1661 ἐνέκειτο
1163 1594 1263 1683 τούτῳ

174 1698 375 1773 συνεξελθεῖν
400 1694 457 1759 eui
480 1687 656 1758 ἀπειλοῦσα
676 1694 766 1781 adrui
784 1693 825 1761 ad
847 1697 1023 1777 δεινότατα,
1043 1692 1264 1777 μαλακώτερος

175 1796 305 1877 γίνεται.
356 1794 518 1879 φροντίζει
546 1794 583 1856 di
610 1790 645 1857 τὸ
662 1794 809 1859 ἐντεῦθεν
831 1796 907 1877 περι·
930 1796 992 1858 τιῦν
1010 1794 1187 1876 γυναικῶν,
1207 1796 1262 1877 τῆς
1270 1812 1298 1866 p.
1318 1812 1351 1865 55

38 1974 42 1978 ‚
129 1886 166 1951 ¹5
177 1885 325 1958 τεαῦτοῦ
332 1892 471 1976 γαμετῆς
483 1884 597 1974 ’Ἀννης
608 1890 671 1957 ,rai
683 1893 818 1975 Μαρίας
836 1896 893 1975 τῆς
912 1894 1065 1977 πενθεροῖς
1088 1893 1198 1970 αὐτοῦ,
1221 1889 1261 1957 τύ

172 1995 285 2077 πρυῦτα
312 1994 370 2056 τσῦ
398 1993 508 2072 γένους
529 1991 564 2054 ἀει
585 1994 648 2061 raia
670 1990 866 2075 Βουλγύρων
893 1990 1043 2074 ἐχούσης,
1066 1986 1201 2065 κάλλους
1225 1990 1262 2055 di

172 2094 325 2155 τοσοῦτον
334 2090 564 2175 ἀπισορομένης
578 2091 633 2152 καί
643 2090 857 2174 τῦαρμοστιάς
869 2093 973 2171 μελῶν
983 2088 1037 2154 καὶ
1049 2090 1166 2174 μεροῖν,
1182 2082 1263 2154 ὥστε

172 2191 332 2274 μηδεμίαν
353 2190 494 2275 φανῆναι
515 2191 585 2252 κατ’
596 2189 695 2251 εἰιεῖνο
715 2192 829 2272 καιροῦ
849 2187 907 2274 την
920 2185 1037 2271 ταύτης
1057 2188 1264 2271 ἀραιοτέραν.

172 2289 232 2351 oriar
262 2281 340 2353 ἀνευ
360 2281 419 2351 οῦν
442 2287 610 2372 φροντίδος
628 2278 709 2370 ἦσαν
728 2283 769 2349 τοὶ
790 2293 857 2350 κατ’
876 2286 977 2371 αῦτην
996 2290 1039 2371 τῷ
1054 2284 1264 2373 Παλαισλὸγιρ

121 2384 228 2451 wirot*
248 2388 385 2475 Ἀλεξάρι.
425 2382 524 2473 ταύτη
545 2408 596 2450 τοι
616 2388 672 2449 κατ’
690 2384 816 2469 γνώμης
840 2382 934 2466 ἔσχον
953 2382 983 2450 οἱ
1003 2384 1089 2470 ἀμφὶ
1107 2380 1161 2449 τὸν
1175 2383 1263 2447 Ἀλέ-

171 2490 258 2564 ξιαν,
288 2488 412 2551 iustam
444 2482 627 2566 ἀνελόμενοι
654 2482 799 2565 ταύτας,
830 2482 860 2551 οἱ
888 2488 948 2565 μὲν
975 2482 1021 2560 εἴς
1047 2507 1079 2549 τι
1108 2479 1263 2571 φρούριον

171 2586 365 2670 ἀπαγαγεῖν,
385 2582 404 2648 ὅ
423 2586 460 2649 δὲ
489 2579 710 2667 Παλαιυλόγος
738 2588 785 2661 εἰς
807 2582 842 2650 τύ
863 2586 898 2650 ἐν
917 2585 1120 2668 Βλαχὲρναις
1137 2582 1263 2665 τέμενος

243 2801 267 2837 a.
286 2786 432 2856 συλλαβεῖν
448 2800 500 2837 om.
520 2782 550 2836 P.
611 2754 645 2837 l.
665 2781 766 2847 αὐτούς
782 2788 809 2841 Ρ.
894 2789 920 2842 8.
938 2786 990 2857 οῦχ
1007 2787 1035 2839 Ρ.
1126 2785 1262 2843 aaronita

241 2856 274 2908 G.
373 2857 411 2925 ιλ.
429 2854 477 2922 τῆς
493 2855 595 2914 ἑαυτοῦ
612 2857 639 2908 Ρ.
746 2877 786 2929 ¹7·
804 2858 994 2933 εὐαρμοστίαν
1009 2858 1042 2911 G.
1156 2862 1195 2914 ¹8.
1213 2852 1262 2923 τὴν

242 2942 293 2978 om.
313 2926 347 2978 G.
446 2942 490 2980 ao.
506 2926 624 3000 γνώμην
640 2924 669 2979 C.

170 3097 220 3148 fiat
236 3094 391 3160 dilucidior,
402 3099 643 3165 protovestiariam,
660 3098 736 3150 ruini
745 3097 910 3149 mentionem
922 3097 983 3161 feei,
1003 3098 1160 3167 priusquam
1174 3096 1262 3165 impe-

170 3175 243 3218 rator
261 3183 330 3228 eam,
351 3176 383 3219 ut
401 3185 482 3237 rupta
501 3172 688 3234 enarravimur,
705 3170 905 3233 αεαεεείεἰεεεε,
917 3169 958 3220 ibi
974 3174 1160 3220 convenerunt
1178 3170 1260 3235 eique

170 3236 236 3288 hino
265 3236 413 3306 profecturi
436 3238 496 3289 vale
523 3239 661 3305 dixeruat3
683 3249 712 3292 et
726 3240 873 3307 Georgium
899 3238 1089 3307 palaeologum
1115 3238 1144 3289 in
1169 3246 1260 3306 parter

172 3324 234 3359 auae
262 3314 403 3361 traxerunt
421 3317 512 3378 atque,
538 3320 570 3362 ut
593 3328 683 3362 aecum
708 3310 854 3373 (idiceret,
874 3309 1028 3377 adegerunt.
1055 3308 1129 3377 priua
1148 3308 1262 3360 consilia

170 3395 232 3429 cam
254 3393 286 3429 eo
300 3380 496 3432 communicare
513 3382 571 3431 anai
587 3398 643 3433 uon
660 3390 745 3445 erant,
760 3398 821 3432 cum
841 3382 938 3432 merito
953 3388 1023 3433 eaaet
1040 3386 1187 3448 inspectus.
1199 3396 1262 3431 uam

169 3456 248 3517 pater
269 3448 380 3517 Georgii
399 3448 609 3503 etudioriraimua
631 3453 801 3521 imperatoria
827 3458 900 3513 erat,
930 3459 962 3502 ut
983 3466 1039 3501 non
1062 3450 1121 3502 aine
1140 3450 1262 3517 periculo

170 3520 269 3588 aperiri
280 3520 336 3570 tale
349 3520 490 3572 consilium
518 3532 598 3574 osset.
610 3540 642 3574 ao
649 3524 736 3591 primo
747 3522 921 3591 Palaeologua
931 3520 1005 3572 haud
1015 3537 1043 3572 εε
1062 3520 1169 3571 facilem
1183 3536 1262 3589 prae-

168 3588 248 3653 buit;
264 3590 332 3658 quin
349 3591 464 3643 multum
481 3540 626 3657 olnitena,
644 3592 820 3661 reprehendit
835 3592 944 3644 illorum
962 3600 1055 3644 eontra
1073 3592 1261 3659 imperatorem

169 3659 309 3728 inceptum
328 3669 356 3713 et
373 3659 465 3731 quod,
494 3662 630 3717 deteriore
647 3665 716 3715 inito
732 3663 863 3726 coneilio,
881 3679 910 3715 ae
946 3678 1038 3733 noque
1055 3662 1084 3712 in
1102 3661 1260 3715 societatem

167 3738 305 3782 vocarent
322 3731 371 3783 aed
389 3748 450 3783 cuna
468 3732 549 3786 etiarn
562 3734 777 3803 protovestiaria‚
788 3732 940 3801 Palaeologr
957 3749 1057 3793 roerua,
1075 3740 1106 3783 ut
1125 3747 1178 3783 una
1198 3750 1262 3803 pro-

170 3801 350 3865 ficisceretur,
378 3802 496 3854 instaret
520 3812 549 3854 et
576 3804 729 3872 graviarima
756 3804 945 3865 minitaretur,
974 3802 1063 3854 animo
1093 3802 1261 3856 flectebatur.

168 3872 291 3923 neaniai
309 3870 522 3925 demolieribut
541 3875 593 3925 iam
609 3874 742 3927 rollicitua
768 3882 843 3937 erat,
862 3876 940 3925 Anna
960 3888 1044 3923 trxore
1064 3878 1092 3925 et
1111 3873 1196 3927 Maria
1215 3889 1262 3926 ao·

168 3958 226 4003 ern,
243 3942 415 3994 nobilisrimo
433 3944 505 3994 inter
521 3944 648 4014 Balgaroa
667 3946 728 3997 loco
742 3952 809 4006 orta,
828 3952 904 3996 tanta
921 3941 1125 4011 pulchritudine
1144 3960 1174 3997 ee
1194 3960 1262 3995 eon-

167 4012 303 4063 eiouitate
331 4014 416 4065 totius
440 4015 574 4083 corporis,
601 4022 633 4067 ut
649 4016 770 4068 omnium
794 4015 870 4066 illiue
898 4015 1026 4083 temporie
1042 4014 1185 4065 mulierum
1205 4014 1261 4066 ior·

167 4084 321 4135 moriaaima
339 4082 495 4136 haberetur.
514 4100 581 4153 qaae
598 4094 630 4136 ut
645 4086 675 4137 in
691 4094 752 4138 tuto
772 4085 955 4147 collocarent,
972 4100 1032 4136 curn
1052 4084 1215 4153 Palaeologa
1234 4092 1263 4136 et

168 4152 264 4205 Alexio
282 4152 359 4206 tardi
388 4162 476 4218 earet,
493 4153 546 4205 hoc
573 4154 685 4226 quidem
704 4157 765 4208 loco
783 4172 829 4207 eae
846 4154 1008 4209 amovendae
1031 4156 1196 4221 censebant3
1213 4153 1261 4205 aed

167 4223 238 4277 aiter
262 4224 290 4278 in
319 4240 382 4278 arce
406 4223 550 4297 quapiam,
576 4226 645 4281 uter
667 4223 701 4281 ia*
723 4224 851 4296 deiparae
876 4224 942 4279 aede
970 4226 999 4280 lu
1027 4223 1182 4281 Blacherair
1209 4226 1260 4277 rita
